3086 4920
494 369 591 426 eomm.
610 371 655 438 vr,
674 387 696 426 e.
716 371 830 426 10-12.
1224 369 1277 432 111

66 533 143 594 crant
164 531 299 609 Haedui,
322 530 455 596 alterius
480 531 627 613 Sequani.
672 531 716 595 Hi
743 551 816 596 cum
846 551 903 614 per
932 550 966 595 se
995 531 1102 596 minus
1125 534 1302 612 valerenta

65 637 134 718 quod
169 655 295 702 summa
325 637 499 702 auctoritas
527 638 705 718 antiquitus
737 639 806 702 erat
839 637 873 701 in
901 637 1043 701 Haeduis
1077 656 1276 720 magnaeque

64 762 160 808 eorum
194 745 286 808 erant
323 744 505 821 clientelae,
544 743 719 809 Germanos
758 747 855 825 atque
889 743 1085 808 Ariovistum
1123 745 1183 809 sibi
1221 746 1277 809 ad-

62 851 217 914 iunxerant
240 869 355 932 eosque
385 850 425 914 ad
454 869 488 915 se
518 851 643 932 magnis
672 850 803 915 iacturis
832 850 1176 932 pollicitationibusque
1204 870 1276 933 per·

63 956 213 1021 duxerant
258 956 391 1021 Proeliis
415 975 488 1022 vero
512 957 727 1039 compluribus
758 956 851 1021 factis
882 955 1030 1020 secundis
1060 958 1158 1038 atque
1189 958 1301 1021 omnia

61 1063 212 1127 nobilitate
228 1062 435 1128 Haeduorum
458 1062 627 1128 interfecta
648 1065 777 1128 tantum
801 1063 943 1145 potentia
966 1064 1213 1140 antecesserant,
1236 1065 1298 1129 utr

60 1187 198 1252 magnam
219 1171 346 1253 partem
370 1171 534 1235 clientium
558 1171 597 1235 ab
619 1170 764 1234 Haeduis
788 1170 829 1234 ad
853 1189 886 1234 11
908 1168 1114 1234 traducerent
1136 1170 1275 1234 obsides-

61 1277 173 1355 queat
196 1277 247 1340 his
270 1277 449 1359 principum
471 1275 552 1341 filios
576 1277 756 1359 acciperent
779 1279 812 1340 et
840 1276 965 1359 publice
995 1276 1100 1340 iurare
1125 1279 1274 1357 cogerent

59 1381 126 1445 nihil
149 1401 183 1446 se
207 1385 318 1446 contra
342 1381 505 1464 Sequanos
529 1383 650 1447 consilii
672 1383 808 1447 inituros
831 1385 865 1447 et
893 1384 1020 1465 partem
1048 1381 1175 1446 finitimi
1205 1384 1273 1464 agri

58 1491 189 1568 pervim
213 1490 399 1571 occupatam
421 1489 619 1572 possiderent
643 1488 829 1569 Galliaeque
853 1491 951 1552 totius
982 1489 1195 1571 principatum
1220 1489 1274 1553 cb·

59 1595 196 1659 tinerent.
227 1593 299 1673 Qua
320 1596 511 1659 necessitate
535 1594 694 1659 adductus
710 1595 891 1660 Diviciacus
907 1595 1014 1658 auxilii
1030 1595 1159 1677 petendi
1175 1613 1298 1659 causae

58 1701 181 1765 Romam
214 1701 255 1766 ad
284 1705 433 1766 senatum
462 1701 621 1784 profectus
650 1700 836 1784 imperfecta
864 1721 898 1766 rc
927 1701 1074 1766 redierat.
1124 1702 1297 1766 Adventus

58 1804 191 1872 Caesaris
221 1807 307 1872 facta
336 1808 584 1872 commutatione
614 1826 739 1885 rerum,
767 1807 926 1872 obsidibus
957 1807 1101 1874 Haeduis
1130 1807 1272 1884 redditis,

58 1915 205 1978 veteribus
229 1914 384 1978 clientelis
407 1915 576 1990 restitutis,
598 1914 688 1978 novis
703 1932 760 1996 per
776 1913 946 1979 Caesarem
962 1914 1162 1996 comparatis,
1187 1913 1270 1995 quod

57 2019 85 2095 ii,
106 2020 159 2101 qui
182 2039 216 2084 se
241 2021 281 2084 ad
305 2039 414 2084 eorum
438 2021 612 2085 amicitiam
635 2019 902 2102 adgregavemnt,
930 2019 1061 2084 meliore
1091 2020 1271 2084 condicione

58 2127 142 2207 atque
165 2127 313 2208 aequiore
335 2127 467 2209 imperio
488 2145 521 2191 se
537 2127 587 2191 uti
601 2126 761 2204 ridebant,
784 2127 915 2208 reliquis
931 2127 1025 2191 rebus
1043 2145 1152 2191 eorum
1168 2127 1272 2208 gratia

57 2230 264 2314 dignitateque
285 2232 478 2314 amplificata
495 2231 635 2314 Sequani
650 2233 865 2316 principatum
882 2232 1077 2296 dimiserant.
1106 2232 1146 2296 In
1162 2250 1295 2296 eornmr

57 2337 149 2402 locum
171 2339 266 2403 Remi
288 2342 517 2404 successerant
562 2337 649 2416 Quos
673 2338 757 2420 quod
787 2339 963 2421 adaequare
994 2338 1079 2421 apud
1103 2337 1272 2404 Caesarem

57 2445 148 2524 gratia
170 2446 424 2528 intellegebatur,
446 2446 477 2522 ii,
502 2446 557 2526 qui
578 2448 708 2528 propter
723 2448 846 2510 veteres
866 2445 1047 2509 inimicitias
1069 2443 1271 2509 nullomodo

57 2569 119 2614 oum
140 2551 284 2616 Haeduis
308 2551 456 2633 coniungi
478 2552 639 2633 poterant,
663 2569 697 2616 se
720 2551 830 2616 Remis
853 2552 886 2615 in
910 2551 1091 2616 clientelam
1114 2550 1270 2614 dicabant.

117 2780 193 2852 Καρ.
212 2780 264 2836 12.
293 2791 317 2834 2.
335 2780 377 2847 111]
387 2780 521 2846 bedentet,
532 2797 606 2834 uenn
617 2780 679 2833 zwei
691 2778 797 2834 Glieder
808 2781 901 2834 vorher
911 2782 1029 2847 genennt
1039 2779 1107 2845 sind,
1119 2777 1198 2832 meist
1207 2778 1270 2844 „die

55 2867 201 2936 lazunw‘,
219 2869 366 2923 manchfflal
386 2868 450 2935 „die
467 2869 616 2923 ersteren“.
634 2898 669 2907 -
684 2885 738 2936 per
755 2869 794 2935 se]
813 2869 845 2934 V,
863 2870 907 2935 49,
922 2869 946 2922 7.
965 2897 999 2907 -
1018 2868 1111 2920 maeres
1128 2866 1217 2934 caleo]
1235 2889 1270 2910 =

55 2957 180 3023 1111111111
198 2975 267 3013 mm.
287 2988 321 2997 -
339 2958 465 3026 11111111]
485 2956 617 3028 „Opfer“.
637 2986 669 2996 —
687 2957 838 3024 perducere
856 2956 895 3011 ad
913 2955 951 3025 11]
971 2972 1026 3023 „an
1040 2955 1096 3008 sich
1111 2955 1207 3021 nioben,
1226 2955 1272 3008 aul

55 3046 117 3100 aeine
132 3047 202 3101 Seite
219 3047 360 3114 bringen“.

120 3148 193 3190 a-o.
208 3135 346 3205 proelium
360 3133 463 3202 soem]
477 3133 509 3200 V,
524 3135 567 3200 50,
583 3136 607 3188 l.
627 3161 659 3172 -
679 3133 894 3200 antecesserant]
912 3123 984 3186 liber
999 3148 1062 3186 11111
1077 3132 1114 3185 sie
1128 3131 1175 3184 das
1189 3121 1270 3184 iiber·

54 3224 155 3288 geuicht
178 3224 284 3292 erlangt
307 3223 415 3288 hatten,
440 3222 543 3288 ergiebt
565 3223 611 3276 der
629 3221 862 3289 Zusammenhang.
887 3249 920 3258 -
942 3220 1053 3289 publice
1075 3219 1182 3287 iurare]
1206 3219 1269 3272 Wer

55 3309 135 3365 leistst
157 3313 245 3366 diesen
268 3311 318 3366 Eid
343 3313 379 3365 im
396 3310 498 3365 Namen
517 3312 562 3365 des
581 3310 708 3364 Staates?
734 3341 767 3350 -
792 3310 937 3364 1111111111
954 3308 1039 3377 inire]
1063 3307 1108 3374 IV,
1127 3307 1170 3373 32,
1189 3308 1215 3362 2.
1234 3337 1268 3346 -

55 3401 217 3468 componor]
242 3399 303 3454 Anl.
323 3397 355 3454 G.
383 3427 414 3437 -
435 3399 631 3468 mancipatam
648 3398 780 3465 obtinere]
806 3398 868 3464 „die
886 3396 1012 3464 Fiihrung
1029 3395 1127 3461 haben,
1146 3395 1188 3449 die
1205 3395 1269 3449 Vor-

54 3489 133 3542 macht
155 3489 273 3543 bilden“.
300 3515 334 3526 -
358 3488 516 3542 mcessitate
540 3487 690 3554 adductus]
719 3487 779 3540 Anl.
803 3485 820 3538 J
827 3483 850 3551 ⁸;
877 3485 1026 3539 1111111111
1052 3483 1203 3538 bezeichnet
1226 3501 1269 3538 zu·

56 3577 264 3631 sammenfassend
283 3575 325 3629 dis
343 3575 512 3644 drlingenden
529 3575 718 3629 Verha'ltnisse.

117 3678 139 3720 o,
158 3665 347 3732 commutatio]
363 3664 394 3731 V,
403 3664 448 3731 54,
457 3664 487 3730 43
501 3663 543 3717 die
555 3663 693 3717 absoluten
702 3662 792 3716 nolet.
802 3661 915 3728 gestalte
924 3660 975 3714 alle
985 3677 1017 3714 111
1025 3660 1221 3730 Hauptsttzen!
1233 3691 1266 3700 —

55 3752 167 3822 reddere]
186 3753 303 3822 „wieder
315 3753 485 3806 ausliefern“.
501 3779 534 3790 -
554 3751 692 3820 micitia]
710 3751 743 3817 V,
757 3751 782 3817 3,
797 3750 828 3810 3.,
843 3778 876 3788 -
893 3749 1004 3803 1111111111
1017 3748 1177 3806 condicione
1188 3750 1267 3817 utor]

56 3839 110 3903 „ich
122 3842 177 3897 lebe
191 3845 271 3896 unter
283 3842 405 3895 1111111111
416 3841 646 3895 Verhtltnissen“.
663 3868 693 3877 -
714 3839 829 3906 reliquia
842 3837 933 3904 rebus]
947 3837 1018 3891 eines
1031 3855 1082 3892 von
1096 3838 1146 3893 den
1160 3839 1267 3892 Mitteln

56 3933 148 3998 „ronst
162 3931 229 3984 auch
244 3931 340 3984 sonst“
359 3947 391 3983 au
405 3933 531 3984 ersotzon.
551 3959 585 3968 -
601 3927 709 3998 91111111]
727 3927 760 3994 V,
774 3928 799 3993 4,
814 3926 840 3980 4.
859 3953 892 3964 -
911 3925 1086 3994 dimiserant]
1105 3925 1166 3980 Anl.
1180 3926 1231 3980 Ne

117 4031 139 4072 1.
163 4035 231 4088 quoa
309 4018 529 4087 intellegebatur]
554 4018 614 4072 Anl.
633 4018 668 4083 P;
694 4033 761 4085 quoa
784 4015 823 4069 ist
839 4014 950 4083 Subjalst
968 4032 999 4068 zu
1018 4015 1191 4083 adaequem
1216 4031 1268 4069 wer

54 4102 87 4156 ist
101 4107 138 4160 als
156 4106 254 4176 Objekt
271 4125 304 4160 zu
322 4106 445 4160 denken?
471 4107 612 4175 adaequas
629 4121 670 4161 me
685 4105 784 4174 pratici
808 4104 866 4172 „du
890 4104 978 4157 stehst
1000 4103 1030 4157 in
1047 4103 1162 4172 gloieher
1179 4101 1268 4158 donst

54 4192 95 4246 wie
110 4195 180 4250 idr“.
198 4231 235 4240 -
251 4195 286 4264 11]
304 4195 343 4248 ist
356 4195 467 4265 Subjekt
485 4195 530 4249 der
544 4195 731 4265 Hauptsatzes.
747 4221 779 4231 —-
799 4208 826 4248 11
891 4192 1034 4263 dicabant]
1053 4192 1146 4246 dentet
1158 4191 1267 4260 gesisse

55 4278 173 4336 ieierliche
189 4283 300 4337 Formen
324 4299 371 4349 an,
397 4286 476 4337 unter
500 4283 583 4338 denen
606 4282 643 4336 sie
667 4283 723 4337 sich
748 4282 775 4335 in
794 4281 890 4335 Sohutz
914 4281 1046 4350 begab0n3
1072 4296 1122 4334 uns
1139 4279 1207 4333 fehlt
1224 4280 1267 4332 cin

54 4371 262 4440 enupnmender
279 4371 400 4427 Verbum.
