3136 4928
522 375 618 431 Comm.
637 375 698 443 VII,
717 392 739 430 e.
760 377 873 431 79-81.
1260 375 1314 438 309

82 537 244 621 cupiditas
269 537 302 601 et
325 537 421 600 timor
443 537 634 618 ignominiae
658 537 698 602 ad
720 537 874 602 virtutem
898 538 1064 602 excitabat.
1100 538 1182 604 Cum
1205 557 1224 603 a
1246 557 1337 603 111-1

83 644 163 708 ridie
187 663 283 726 prope
308 643 348 708 ad
372 644 446 707 solis
470 662 617 708 occasum
641 643 737 707 dubia
759 643 891 708 victoria
914 646 1129 726 pugnaretur,
1160 643 1312 710 Germani

84 770 149 816 unu
171 751 207 814 in
229 753 320 833 parte
344 750 494 815 confertis
522 752 637 815 turmis
660 751 694 814 in
716 751 825 815 hostes
848 751 1005 833 impeturn
1027 750 1172 815 fecerunt
1195 770 1311 834 eosque

82 858 295 942 pepulerunt;
320 858 436 938 quibus
459 859 492 920 in
516 857 626 939 fugam
651 857 800 922 coniectis
817 858 976 939 sagittarii
991 857 1199 922 circumventi
1213 859 1336 922 inter-r

82 965 222 1046 lectique
247 965 331 1028 sunt.
376 964 461 1028 Item
491 983 528 1028 ex
556 965 685 1045 reliquis
715 964 860 1046 partibus
890 965 992 1028 nostri
1027 964 1174 1029 cedentes
1209 983 1337 1046 usques

82 1073 116 1136 in
140 1073 248 1136 castra
270 1071 407 1134 insecuti
430 1071 480 1134 sui
503 1070 670 1151 colligendi
697 1069 885 1134 facultatem
914 1090 976 1135 non
1007 1070 1170 1136 dederunt.
1215 1073 1259 1138 At
1280 1071 1337 1149 111

84 1179 140 1261 qui
164 1179 205 1242 ab
228 1177 335 1241 Alesia
358 1179 592 1259 processerant,
615 1177 731 1241 maesti
753 1196 850 1260 prope
873 1177 1006 1242 victoria
1030 1178 1198 1260 desperata
1221 1196 1254 1242 se
1277 1179 1312 1241 in

84 1284 236 1368 oppidum
259 1285 456 1366 receperunt.

172 1391 246 1456 Uno
277 1390 326 1454 die
356 1390 537 1454 intermisso
562 1389 647 1455 Galli
677 1391 772 1470 atque
804 1390 863 1454 hoc
893 1391 995 1474 spatio
1024 1409 1140 1472 magno
1164 1391 1309 1470 cratium,
1322 1395 1363 1456 81

83 1498 260 1572 scalarum,
291 1497 511 1579 harpagonum
540 1515 673 1560 numero
704 1495 813 1560 effecto
843 1497 950 1561 media
986 1499 1078 1562 nocte
1113 1498 1239 1562 silentio
1274 1517 1312 1563 ex

82 1604 197 1668 castris
229 1604 348 1684 egressi
378 1603 418 1668 ad
448 1606 641 1686 campestres
667 1603 864 1681 ,munitiones
896 1604 1058 1668 accedunt.
1105 1603 1217 1669 Subito
1248 1606 1336 1670 ela-n

81 1730 169 1776 more
201 1711 344 1788 sublato,
375 1727 438 1790 qua
467 1709 693 1791 significatione
725 1709 780 1790 qui
808 1710 841 1773 in
872 1710 985 1793 oppido
1016 1710 1241 1776 obsidebantur
1271 1712 1310 1776 de

82 1839 139 1884 suo
164 1818 305 1882 adventu
329 1835 515 1898 cognoscere
538 1817 683 1899 possent,
712 1819 815 1881 crates
838 1817 993 1900 proicere,
1022 1816 1146 1895 fundis,
1175 1818 1311 1900 sagittis,

80 1925 243 2008 lapidibus
266 1925 392 1988 nostros
416 1923 454 1987 de
471 1923 553 1986 vallo
568 1923 755 2005 proturbare
771 1924 967 2005 reliquaque,
991 1941 1071 2005 quae
1093 1924 1132 1988 ad
1150 1943 1310 2007 oppugna-

80 2033 203 2096 tionem
233 2031 410 2113 pertinent,
441 2031 556 2112 parant
587 2029 819 2094 administrare.
864 2029 984 2095 Eodem
1007 2032 1149 2113 tempore
1174 2032 1335 2096 clamores

82 2139 233 2204 exaudito
268 2137 324 2201 dat
359 2137 437 2201 tuba
472 2136 599 2217 signum
634 2137 709 2200 suis.
731 2135 971 2218 Vercingetorix
1002 2137 1106 2219 atque,
1129 2156 1167 2202 er
1197 2139 1309 2222 oppido

81 2247 198 2311 educit.
244 2244 369 2321 Nostri,
404 2245 441 2307 ut
476 2243 689 2325 superioribus
725 2243 836 2308 diebus
866 2263 943 2308 suus
974 2244 1087 2326 cuique
1119 2247 1188 2309 erat
1222 2246 1333 2310 loeusr

80 2354 275 2428 attributus,
299 2351 339 2414 ad
363 2349 556 2414 munitiones
581 2349 751 2423 accedunt;
782 2349 889 2414 fundis
917 2350 1074 2415 librilibus
1105 2351 1309 2433 sudibusque,

80 2479 161 2542 quas
186 2460 220 2522 in
243 2476 335 2540 opere
360 2457 591 2539 disposuerant,
614 2475 651 2521 ao
674 2456 842 2537 glandibus
868 2455 976 2521 Gallos
1000 2459 1187 2539 proterrent.
1233 2458 1334 2523 Pro-s

79 2570 194 2650 speetu
210 2565 350 2630 tenebris
368 2563 515 2646 adempto
532 2564 636 2627 multa
651 2563 813 2644 utrimque
830 2563 962 2626 vulnera
980 2563 1187 2645 accipiuntur.
1216 2562 1309 2628 (lom-

77 2675 174 2757 plura
203 2671 372 2736 tormentis
402 2671 468 2735 tela
498 2671 703 2734 coniciuntur.
749 2672 793 2734 At
815 2669 943 2734 Marcus
966 2670 1123 2734 Antonius
1152 2671 1185 2734 et
1208 2668 1334 2735 Gaiuse

78 2781 256 2845 Trebonius
285 2778 399 2860 legati,
430 2778 544 2859 quibus
572 2778 631 2842 hae
655 2779 763 2859 partes
787 2777 827 2841 ad
850 2776 1083 2842 defendendum
1107 2777 1308 2854 obvenerant,

153 3021 177 3063 o.
198 3007 288 3062 dubia
305 3005 435 3074 uictoria]
456 3007 543 3074 „ohne
562 3006 790 3075 Entseheidung“.
811 3037 844 3045 -
863 3003 1014 3074 confertus]
1035 3005 1252 3074 „geschlossen“.
1273 3037 1306 3046 -

76 3097 242 3169 propellere]
263 3095 347 3163 „iiber
365 3095 415 3149 den
433 3095 537 3150 Haulen
556 3096 680 3150 werfen“.

153 3206 178 3250 8.
203 3193 337 3261 cedentes]
361 3192 476 3260 (Aecus.)
493 3192 638 3247 verwandle
660 3193 689 3247 in
707 3192 781 3246 einen
800 3192 905 3246 alrtiven
923 3191 1074 3262 Hauptsatz
1092 3192 1159 3246 nach
1176 3191 1237 3248 Anl.
1255 3193 1282 3248 N
1288 3191 1306 3249 ².

75 3285 133 3338 Fur
152 3284 194 3336 die
212 3282 350 3351 folgenden
367 3282 470 3336 Verben
488 3282 552 3336 wird
571 3282 639 3336 daun
658 3283 749 3337 nostri
767 3281 884 3350 Subjelrt.

151 3398 231 3467 Kap.
250 3399 300 3456 81.
341 3410 363 3452 1.
385 3398 453 3468 uoto]
478 3397 538 3467 Vgl.
562 3397 603 3450 die
621 3397 787 3466 Bemerkrmg
811 3415 844 3452 zu
861 3413 967 3452 wewam
985 3395 1051 3468 Kap.
1070 3398 1113 3464 32,
1133 3398 1158 3453 3.
1183 3426 1218 3437 —
1241 3399 1306 3453 bor-

70 3488 212 3562 9191111]
237 3487 329 3542 Solche
347 3487 442 3541 Halren
465 3487 572 3540 wurden
595 3503 653 3540 zum
676 3485 823 3540 Einreiisen
844 3485 997 3554 gebraucht.
1023 3515 1057 3524 -
1081 3485 1121 3540 ad
1145 3492 1306 3556 campestres

74 3574 260 3644 munitiones]
279 3577 326 3630 Β11
344 3576 394 3630 den
410 3576 645 3643 Verschanzungen
663 3575 691 3629 in
710 3575 756 3628 der
773 3574 860 3629 Ebene
879 3574 973 3628 hatten
991 3573 1032 3628 die
1050 3574 1146 3628 Rbmer
1163 3575 1238 3630 nicht
1256 3576 1305 3630 den

73 3667 182 3722 Vorteil
201 3665 247 3719 der
264 3665 378 3720 hbheren
397 3665 525 3733 Stellung.
1239 3717 1241 3720 .

152 3777 176 3820 a.
196 3781 252 3833 gea
266 3763 481 3833 significatione]
500 3780 521 3817 1.
537 3780 569 3816 zu
581 3761 655 3831 quod
668 3761 791 3832 opattam
804 3761 871 3832 Kap.
885 3761 911 3828 3,
925 3761 951 3816 3.
966 3787 1000 3798 -
1019 3759 1118 3830 arcta]
1132 3761 1182 3814 Die
1194 3761 1306 3816 Hdrden

72 3856 164 3910 haben
183 3854 221 3906 sie
239 3853 454 3920 mitgenommen‚
478 3869 522 3906 um
545 3851 582 3905 111
600 3851 665 3905 liber
684 3850 725 3904 die
744 3847 849 3904 (1111111
866 3849 1055 3904 hinzubreiten.
1079 3879 1113 3890 -
1136 3850 1245 3920 reliqua
1263 3891 1305 3915 ..,

68 3947 186 4016 parant
204 3941 410 4010 adantnbtrare]
431 3941 490 4008 „sie
508 3941 602 3994 treffen
620 3939 816 4008 111-1111111111
833 3939 1059 4008 Verbereitungen
1077 3956 1108 3994 nu
1129 3941 1197 3995 ...“.

151 4052 246 4094 411.
270 4038 460 4108 sagacioribus
483 4038 590 4104 diebus]
615 4037 741 4092 bedeutet
758 4037 800 4091 bei
818 4035 899 4092 (11111
922 4037 1019 4092 sowohl
1042 4037 1094 4106 „in
1115 4038 1165 4092 den
1184 4037 1305 4092 frliheren

72 4129 190 4200 Tagen“
216 4128 256 4182 als
282 4143 338 4195 „an
362 4128 446 4182 sinam
470 4128 516 4182 der
539 4128 660 4182 1111111111
685 4127 755 4195 Tage
777 4149 812 4172 ε
834 4125 970 4181 neulieh“.
997 4155 1031 4166 -
1058 4125 1165 4193 suadae
1190 4126 1304 4194 libriles]

72 4217 348 4288 „Pfundschleuder“
373 4217 412 4271 ist
434 4217 485 4271 mit
508 4217 642 4272 thnlicher
660 4216 746 4272 Kiirne
769 4218 878 4284 gessgt‚
902 4215 950 4268 wie
974 4215 1017 4270 bei
1039 4232 1090 4270 uns
1108 4218 1176 4270 etwa
1194 4214 1306 4282 „Naun-

71 4307 218 4381 pfiinder“.
238 4335 273 4345 —
291 4306 384 4373 rudes]
403 4309 492 4377 spiter
505 4307 570 4374 pila
588 4306 710 4360 marolio
728 4308 854 4374 genennt.
890 4305 968 4359 Diese
986 4304 1078 4359 Pfehle
1096 4304 1174 4374 lagen
1191 4304 1239 4358 aul
1254 4303 1305 4358 den

71 4397 191 4454 Werlren
208 4395 376 4452 11111111-
397 4395 558 4466 complaces]
576 4395 643 4466 Kap.
663 4395 705 4463 70,
726 4394 749 4450 7.

1031 4483 1091 4537 21*
