3136 4928
533 389 631 444 Comus.
649 389 724 458 vm,
743 407 764 444 c.
783 391 898 445 41—44.
955 425 966 438 ι
1277 389 1332 452 345

101 550 209 634 oppidi
235 550 380 633 partibus
404 550 550 615 cohortes
580 554 722 616 montem
752 552 921 617 ascendere
952 553 984 617 et
1014 552 1215 618 simulatione
1244 573 1331 620 mcc·

100 657 192 721 nium
216 656 471 740 occupandorum
495 657 665 722 clamorem
693 659 834 740 undique
862 659 951 724 iubet
980 660 1099 724 tallere.
1146 659 1215 739 Quo
1245 661 1356 727 factor

99 764 262 848 perterriti
285 763 448 846 oppidani,
472 783 560 840 oum,
590 764 665 845 quid
695 768 845 847 ageretur
875 766 909 829 in
939 766 1015 830 locis
1043 767 1190 849 reliquis,
1222 771 1329 832 essent

2 865 8 876 “
98 871 262 953 suspensi,
290 873 439 934 revocant
463 871 502 934 ab
525 871 750 953 impugnandis
774 873 920 955 operibus
944 875 1084 938 armatas
1107 873 1140 937 iu
1163 874 1327 957 murisque

98 977 284 1060 disponunt,
334 977 387 1040 Ita
415 977 517 1041 nostri
546 978 608 1042 fine
638 979 750 1060 praelii
779 978 863 1044 facto
894 981 1040 1044 celeriter
1069 998 1165 1063 opera
1198 979 1354 1046 flammae

98 1085 330 1167 comprehensa
353 1083 471 1166 partim
494 1084 706 1166 restinguunt,
729 1087 848 1168 partim
870 1086 1114 1152 interscindunt.
1153 1086 1235 1152 Cum
1258 1107 1352 1171 per-a

101 1191 252 1256 tinaciter
290 1191 477 1255 resisterent
511 1191 673 1274 oppidani,
711 1211 829 1274 magna
863 1193 961 1257 etiam
994 1195 1085 1276 parte
1121 1194 1240 1259 amissa
1275 1194 1329 1259 siti

98 1316 234 1362 sucrum
257 1298 290 1360 in
314 1298 475 1362 sententia
497 1301 737 1380 permanerent,
760 1299 800 1363 ad
829 1301 1027 1382 postremum
1051 1301 1206 1366 cuniculis
1229 1320 1328 1367 uenae

97 1405 198 1468 fantis
221 1404 390 1469 intercisae
415 1406 492 1468 sunt
515 1407 612 1486 atque
636 1423 774 1469 aversae.
820 1404 890 1484 Quo
914 1392 996 1471 factu
1020 1409 1150 1490 repente
1179 1408 1354 1491 perennior

97 1511 226 1576 exaruit
259 1510 330 1575 fons
364 1513 552 1592 tantamque
587 1512 698 1575 attulit
727 1512 892 1595 oppidanis
923 1513 1036 1578 salutis
1066 1514 1328 1597 desperationem,

98 1620 137 1682 ut
159 1617 193 1681 id
216 1635 280 1682 non
302 1618 469 1682 hominum
491 1618 636 1695 consilio,
665 1619 720 1682 sed
744 1618 875 1682 deorum
897 1620 1062 1684 voluntate
1085 1619 1207 1686 iactum
1234 1623 1329 1704 puta·

96 1727 181 1789 rent.
226 1724 342 1807 Itaque
366 1743 399 1788 se
422 1725 614 1790 necessitate
638 1726 739 1790 coacti
762 1726 971 1790 tradiderunt.
1003 1714 1006 1722 ’

189 1831 323 1908 Caesar,
346 1850 420 1895 cum
443 1849 536 1895 suam
558 1831 726 1895 lenitatem
749 1833 910 1914 cognitam
934 1833 1081 1898 omnibus
1105 1835 1202 1899 sciret
1223 1839 1383 1916 nequc44

98 1940 280 2013 vereretur,
309 1957 348 2003 ne
373 1937 450 2020 quid
473 1938 661 2002 crudelitate
683 1941 819 2003 naturae
843 1940 1006 2005 videretur
1035 1941 1178 2024 asperius
1207 1941 1328 2019 fecisse,

98 2065 204 2128 neque
229 2045 349 2110 exitum
372 2045 574 2110 consiliorum
597 2064 729 2110 suorum
753 2047 1036 2126 animadverteret,
1066 2047 1093 2112 si
1116 2049 1174 2112 tali
1204 2050 1327 2113 ratione

97 2152 234 2217 diversis
256 2153 290 2217 iu
312 2153 389 2217 locis
412 2153 519 2235 plures
544 2153 673 2217 consilia
702 2154 852 2231 inissent,
884 2155 1027 2238 exemplo
1056 2156 1201 2238 supplicii
1224 2156 1328 2221 deter-

97 2259 215 2324 rendos
238 2259 376 2340 reliquos
400 2259 602 2324 existimavit.
647 2260 761 2341 Itaque
786 2261 945 2339 omnibus,
971 2262 1026 2344 qui
1055 2279 1144 2327 arma
1174 2264 1327 2341 tulerant,

98 2383 216 2430 manus
246 2365 400 2448 praecidit
430 2367 594 2447 vitamque
625 2367 795 2444 concessit,
831 2386 892 2449 quo
927 2369 1076 2433 testatior
1105 2370 1190 2434 esset
1223 2387 1327 2452 poena

97 2473 325 2556 improborum.
370 2472 529 2555 Drappes,
559 2492 654 2555 quem
678 2481 808 2556 captum
832 2492 900 2538 osse
926 2493 944 2538 a
968 2474 1099 2540 Caninio
1123 2474 1229 2552 docui,
1261 2476 1352 2540 siven

96 2579 290 2661 indignitate
320 2580 353 2644 et
385 2579 489 2645 dolare
519 2580 717 2644 vinculorum
748 2581 812 2644 sive
841 2580 955 2646 timore
990 2581 1142 2662 gravioris
1178 2581 1327 2665 supplicii

97 2686 210 2770 paucis
235 2685 345 2750 diebus
368 2686 436 2751 cibo
467 2705 500 2750 se
532 2686 687 2751 abstinuit
718 2689 814 2769 atque
844 2688 890 2751 ita
920 2688 1050 2752 interiit.
1095 2686 1215 2755 Eodem
1245 2690 1351 2753 tem-s

97 2811 174 2877 pore
198 2792 382 2872 Lucterius,
413 2812 509 2875 quem
531 2792 709 2876 profugisse
733 2813 771 2859 ex
799 2794 916 2877 proelio
947 2794 1074 2877 scripsi,
1105 2813 1178 2858 cum
1209 2794 1242 2858 in
1271 2813 1327 2877 po·

171 3057 249 3128 Ksp.
269 3058 322 3114 43.
363 3071 384 3113 1.
404 3059 581 3113 simulatione
599 3059 735 3113 moenium
753 3057 989 3127 occupandorum]
1008 3058 1074 3113 Dafs
1092 3059 1135 3113 die
1147 3059 1258 3113 Manern
1276 3076 1327 3113 nur

97 3165 159 3204 aum
172 3148 267 3202 Schein
280 3148 439 3216 angegriffen
453 3148 564 3216 werden,
584 3147 679 3201 driickt
695 3148 741 3202 der
753 3148 887 3201 Doutsche
899 3148 964 3201 kara
978 3147 1061 3201 durch
1076 3147 1137 3215 „als
1151 3148 1205 3202 0b“
1220 3165 1276 3202 aus.

174 3249 187 3291 2
201 3255 225 3288 a.
241 3249 264 3292 3.
283 3237 442 3305 susperssus]
460 3236 493 3290 In
506 3236 553 3290 der
567 3236 690 3291 &haste
704 3237 820 3291 bcfindst
834 3236 897 3304 sich,
917 3253 970 3290 wer
986 3236 1014 3290 in
1027 3235 1219 3304 Ungewifsheit
1231 3236 1276 3291 ist.
1291 3266 1326 3277 -

95 3331 185 3396 operd
203 3328 316 3395 {lamma
334 3326 536 3394 comprehenso]
556 3326 603 3379 wie
621 3325 688 3396 Ksp.
706 3327 750 3393 42,
769 3327 794 3379 2.
814 3355 848 3365 -
866 3325 1087 3393 interscindunt]
1105 3325 1164 3391 VH,
1183 3325 1226 3392 24,
1246 3326 1271 3380 5.

172 3428 225 3468 an.
242 3429 265 3469 a.
289 3414 466 3482 actoridem]
492 3414 674 3483 ‚,abgraben“.
700 3442 734 3452 -··
758 3415 859 3469 salutis
882 3414 1109 3485 desperationem]
1133 3413 1188 3468 Der
1204 3413 1327 3468 Luteiner

97 3505 166 3559 iiebt
183 3520 219 3571 os,
239 3504 297 3558 dem
311 3504 402 3558 Wartc
421 3503 576 3572 desperatio
595 3505 652 3558 eine
670 3504 766 3558 uthere
779 3504 964 3572 Bostimmung
976 3504 1014 3557 im
1028 3502 1138 3558 Genetiv
1152 3503 1325 3570 bsizusetaeu,

96 3593 141 3648 die
159 3594 196 3646 im
214 3593 366 3647 Doutschen
384 3592 465 3647 dfters
483 3592 638 3661 dberfltissig
654 3593 700 3647 ist

170 3699 249 3769 Ksp.
269 3699 321 3758 44.
362 3711 384 3754 ι.
405 3699 503 3769 neque]
522 3716 569 3753 vor
585 3705 723 3754 cauetur
741 3697 880 3769 verkniipft
898 3696 982 3751 dieses
999 3698 1050 3751 mit
1067 3698 1157 3754 sciret.
1177 3729 1211 3739 -
1230 3698 1326 3755 crudo

96 3791 180 3844 ditate
204 3788 336 3858 natiuae]
360 3789 453 3842 Diessr
475 3786 586 3843 Genetiv
610 3788 761 3842 bezeichnet
784 3787 826 3840 die
845 3785 1030 3842 Grausamkeit
1054 3787 1094 3842 als
1116 3789 1271 3856 angebcren.
1292 3817 1326 3827 —

96 3878 226 3947 asperam
243 3878 335 3943 facere
353 3877 412 3945 ald]
433 3877 545 3944 „hdrter
563 3877 724 3930 austrum&
747 3905 783 3914 -
805 3877 910 3930 snitum
928 3874 1116 3947 conditorum]
1134 3876 1254 3931 Welehes
1272 3893 1327 3930 war

98 3968 147 4022 das
171 3966 244 4021 Ende
269 3967 353 4020 seiuer
371 3965 634 4034 Uuternehmungen,
660 3965 707 4019 das
729 3983 759 4020 er
780 3965 855 4018 nicht
873 3964 985 4018 abseheu
1003 3963 1123 4019 kanuto?
1148 3993 1182 4004 --
1207 3967 1327 4034 exemplo

94 4055 245 4125 simplicii]
268 4055 299 4109 In
322 4055 368 4109 der
385 4055 456 4109 That
473 4055 549 4109 hatte
568 4053 649 4110 Cisar
666 4055 707 4108 bis
726 4054 806 4108 dahin
825 4053 912 4107 solche
930 4053 1132 4124 exemplarische
1149 4053 1253 4109 Straton
1272 4071 1326 4108 ver·

96 4144 209 4199 mieden.
229 4172 262 4182 -
281 4143 478 4214 improborum]
497 4143 556 4198 Wir
574 4147 663 4197 setzen
680 4144 763 4198 lieber
781 4141 974 4211 „Missethat“.

173 4243 224 4287 su.
242 4245 264 4288 s.
288 4232 455 4303 mdipm'tas]
479 4233 643 4301 ,‚Unwille“.
666 4261 702 4271 -
725 4232 885 4299 Inaeterius]
903 4231 942 4285 ist
959 4231 1210 4301 vomusgeschobou,
1234 4232 1274 4286 ais
1292 4232 1325 4286 ab

94 4339 126 4377 er
140 4321 251 4390 Subjelrt
270 4322 316 4376 des
329 4321 508 4393 Hauptsataes
521 4321 624 4376 werden
643 4321 730 4376 sollte.
766 4319 838 4375 Absr
855 4320 902 4374 der
915 4320 1051 4375 Verissser
1063 4321 1178 4391 vergisst
1196 4321 1243 4375 das
1261 4321 1326 4375 tiber

95 4411 145 4464 der
169 4411 265 4479 langen
289 4411 449 4466 Parenthsse
476 4411 531 4465 und
557 4411 653 4464 nimmt
679 4410 794 4465 nachher
821 4409 872 4464 den
896 4409 999 4480 Begriff
1022 4411 1117 4466 wieder
1143 4409 1226 4464 durch
1250 4411 1326 4464 diosc
