3172 4922
607 313 704 368 domm.
723 314 745 380 Ι,
765 331 786 368 e.
806 315 884 369 7-9.
1342 311 1362 374 9

125 475 230 552 iactis
255 474 311 538 alii
334 473 425 539 vadis
441 474 596 550 Rhodani,
621 493 684 556 qua
709 475 841 538 minima
865 475 1000 540 alt'tudo
1015 476 1157 540 fluminis
1182 479 1259 553 erat,
1281 495 1361 540 non·

125 599 309 662 numquam
331 580 488 658 interdiu,
512 582 638 663 saepius
662 583 775 654 noctu,
800 583 827 645 si
849 601 1053 665 perrumpere
1075 585 1222 666 possent,
1246 583 1348 648 oonat'

127 687 233 770 operis
257 687 436 750 munitione
461 688 494 750 et
515 687 656 751 militum
680 706 837 764 concursu
860 690 893 752 et
915 689 987 752 telis
1010 689 1131 771 repulsi
1161 689 1221 752 hoc
1244 691 1361 753 conatu

127 793 335 858 destiterunt.
1178 848 1181 854 .

218 900 475 980 Relinquebatur
505 918 570 964 una
602 919 659 982 per
684 899 848 982 Sequanos
872 901 941 978 ria,
977 919 1040 982 qua
1065 900 1221 982 Sequanis
1250 902 1392 966 invitisb

44 1084 47 1093 ,
128 1008 260 1090 propter
277 1007 445 1087 angustias
461 1006 506 1070 ire
529 1025 594 1070 non
608 1008 766 1089 poterant.
797 1006 856 1071 His
874 1026 947 1071 oum
964 1025 1023 1072 sua
1039 1009 1150 1089 sponte
1166 1008 1385 1090 persuaderer

128 1131 192 1176 non
215 1114 358 1194 possent,
381 1113 504 1193 legatos
521 1113 561 1176 ad
576 1113 809 1195 Dumnorigem
824 1113 995 1178 Haeduum
1018 1114 1162 1190 mittunt,
1185 1115 1223 1178 ut
1246 1132 1282 1178 eo
1306 1113 1360 1178 de-

127 1221 294 1302 precatore
319 1237 338 1282 a
363 1217 521 1300 Sequanis
544 1219 764 1302 impetrarent.
809 1219 987 1283 Dumnorix
1010 1219 1114 1301 gratia
1137 1221 1169 1283 et
1191 1220 1385 1301 largitiones

128 1325 215 1408 apud
241 1323 407 1406 Sequanos
431 1325 607 1408 plurimum
630 1327 757 1408 poterat
780 1327 815 1390 et
836 1325 992 1390 Helvetiis
1016 1327 1086 1390 erat
1109 1325 1246 1404 amicus,
1276 1326 1360 1408 quod

129 1449 167 1496 ex
191 1449 229 1494 ea
246 1431 375 1495 civitate
393 1430 590 1514 Orgetorigis
612 1432 712 1496 filiam
736 1433 770 1496 in
792 1432 1032 1497 matrimonium
1048 1431 1190 1509 duxerat,
1215 1435 1247 1496 et
1273 1433 1361 1516 cupi-

127 1537 230 1601 ditate
254 1537 346 1618 regni
369 1538 528 1603 adductus
551 1540 640 1604 novis
670 1541 766 1604 rebus
791 1539 941 1604 studebat
964 1541 997 1604 et
1020 1557 1118 1621 quam
1136 1538 1292 1621 plurimas
1316 1539 1360 1604 ci·

128 1646 247 1709 vitates
277 1663 336 1709 suo
365 1645 516 1709 beneficio
546 1646 663 1710 habere
688 1645 856 1710 obstrictas
880 1646 1014 1711 volebat.
1059 1645 1174 1726 Itaque
1197 1664 1266 1709 rem
1290 1662 1383 1709 sus-4

127 1752 206 1835 cipit
238 1753 270 1815 et
303 1771 321 1815 a
354 1750 510 1832 Sequanis
540 1751 707 1834 impetrat,
742 1755 781 1816 ut
815 1771 872 1835 per
900 1753 981 1816 fines
1013 1770 1087 1816 suos
1116 1751 1278 1816 Heluetios
1313 1752 1359 1816 ire

126 1858 310 1941 patiantur,
342 1858 530 1940 obsidesque
559 1859 609 1922 uti
639 1859 722 1922 inter
753 1878 821 1924 sese
845 1860 938 1937 dent,
968 1859 1106 1942 perficit:
1140 1857 1289 1939 Sequani,
1318 1875 1359 1922 ne

125 1964 241 2028 itinere
265 1965 429 2029 Helvetios
452 1965 658 2048 prohibeant3
681 1966 836 2044 Heluetii,
859 1968 897 2029 ut
920 1966 987 2030 siue
1010 1965 1164 2030 maleficio
1188 1967 1221 2028 et
1243 1964 1359 2028 iniuria

126 2073 305 2135 transeant.

125 2317 251 2373 Ablatire
269 2318 353 2386 geben
373 2318 419 2370 das
438 2317 528 2370 Mittel
547 2335 588 2372 an.
609 2345 642 2355 ·-
661 2317 757 2387 factis]
776 2318 845 2372 muse
864 2318 946 2372 durch
965 2319 1040 2372 einen
1057 2317 1220 2371 Relativsatn
1245 2316 1297 2370 mit
1315 2317 1359 2370 alr-

125 2408 209 2461 tivem
227 2407 345 2460 Verbum
363 2407 498 2460 dbcrsetnt
516 2407 627 2460 werden.
647 2436 681 2445 -
699 2406 787 2475 cada]
806 2407 928 2480 „seichte
941 2406 1073 2460 sullana
1094 2435 1127 2444 —-
1153 2405 1220 2474 quc]
1244 2405 1358 2459 ndmlich

121 2502 223 2567 parte,
248 2495 300 2564 vgl.
327 2511 359 2548 zu
384 2496 432 2549 oia
456 2511 512 2564 qua
536 2495 602 2565 Kap.
622 2497 655 2562 6,
680 2496 704 2549 1.
729 2525 764 2534 -
789 2496 912 2564 saepiae]
937 2498 1006 2549 stete
1032 2519 1064 2538 =
1092 2494 1209 2562 „dfter“,
1234 2494 1277 2548 nie
1302 2493 1360 2561 „of-

127 2585 215 2639 tere“.
236 2612 265 2620 -
288 2584 324 2651 sc]
343 2583 453 2637 vertritt
469 2584 537 2637 nach
556 2583 606 2644 den
624 2583 735 2637 Wortcn
753 2583 799 2637 des
812 2583 985 2648 Versuchens,
1003 2573 1164 2652 Uberlegens
1178 2601 1204 2636 u.
1220 2599 1240 2637 s.
1260 2600 1290 2636 w.
1310 2581 1358 2635 das

125 2673 260 2728 indirelrte
278 2664 414 2740 Fragwort
433 2673 519 2739 „ob“.
539 2701 573 2710 -
592 2672 698 2741 coacte]
717 2689 738 2726 s.
753 2671 813 2727 Anl.
828 2670 874 2727 F’.
894 2703 928 2711 —
946 2673 1038 2741 operis
1049 2671 1214 2740 mannitione]
1233 2671 1357 2738 Eusebio,

126 2761 187 2816 dass
211 2778 282 2831 opus
305 2761 416 2815 manche
441 2761 508 2814 auch
531 2761 614 2814 haifst
639 2762 704 2828 „ein
728 2761 808 2815 festos
831 2761 912 2815 Werk
936 2757 1059 2829 anlagen,
1084 2761 1141 2815 eine
1166 2751 1232 2814 feste
1256 2759 1359 2828 Andaga

126 2851 274 2905 maehcn“!
295 2881 329 2889 -
348 2851 511 2918 concursus]
530 2850 576 2903 das
595 2843 845 2930 Zusammenlaufen‘
856 2866 914 2903 rum
933 2851 1022 2904 Zwech
1043 2849 1114 2903 oinos
1131 2848 1181 2903 An
1187 2848 1277 2918 griff
1282 2865 1303 2903 s.
1323 2876 1358 2888 -

126 2941 248 3010 repulsi]
266 2940 334 2993 nach
352 2938 412 2993 Anl.
432 2937 473 2994 1⁴³⁹.
494 2969 527 2978 -
547 2939 725 3007 destiterunt]
745 2956 766 2994 s.
785 2939 846 2993 Anl.
866 2938 899 2992 N.

200 3054 280 3124 Kap.
299 3055 328 3110 9.
370 3067 391 3108 1.
410 3055 495 3124 anua]
513 3055 595 3108 bitere
613 3079 648 3098 =
667 3072 747 3122 „nur,
766 3054 875 3108 allein“.
896 3083 930 3093 —
947 3052 1056 3120 tacitis]
1075 3068 1097 3106 s.
1116 3052 1183 3122 Kap.
1202 3051 1228 3118 8,
1247 3051 1272 3105 2.

203 3163 226 3207 2.
246 3169 299 3207 aaa
316 3152 423 3220 sponte]
443 3153 469 3218 1)
489 3169 559 3220 „aus
578 3152 678 3220 signem
697 3152 859 3218 Antriebe“;
878 3151 906 3217 2)
925 3150 996 3218 „aui
1012 3150 1102 3218 oigene
1120 3149 1213 3216 Hand,
1232 3149 1274 3202 fuir
1299 3147 1358 3202 sich

126 3241 242 3296 allein“.
262 3270 296 3280 -
316 3240 489 3310 deprecator]
509 3240 598 3308 heisst,
617 3257 670 3294 wer
684 3241 766 3294 durch
780 3240 851 3294 scine
860 3240 935 3294 Bitia
948 3239 1063 3308 (preces)
1076 3237 1358 3307 odchiirep'qaehc

126 3335 210 3386 etwas
229 3330 404 3384 abzuweudcn
422 3329 514 3396 eueht3
533 3329 580 3383 das
599 3328 689 3384 Subst.
707 3330 749 3383 fiir
774 3329 816 3382 die
834 3314 965 3382 Person
989 3328 1027 3381 ist
1050 3329 1087 3380 im
1104 3326 1256 3381 Deutsohon
1273 3325 1359 3394 wenig

126 3419 324 3489 persuasu.
367 3403 379 3418 ’

203 3529 227 3571 a.
245 3516 352 3586 pratia]
372 3516 470 3570 sowohl
489 3516 530 3569 die
550 3513 646 3583 Gunst,
666 3516 708 3568 die
732 3532 793 3570 man
819 3507 923 3568 erneist
947 3537 982 3560 =
1011 3513 1226 3582 „Wohlwollcn“
1251 3512 1291 3568 als
1315 3511 1358 3564 die

128 3603 231 3672 Gunst,
251 3605 293 3658 die
311 3622 371 3658 man
389 3604 503 3673 goniesst
531 3629 566 3649 =
589 3604 786 3672 „Beliebthcit,
811 3602 953 3659 Einfiuss“.
979 3629 1014 3640 -
1038 3602 1164 3672 largitio]
1188 3599 1359 3669 „Freigebig

127 3695 216 3748 keit“.
236 3723 271 3732 —
286 3694 441 3762 plurimum
458 3693 581 3762 poterat]
601 3710 621 3747 s.
636 3692 702 3763 Kap.
717 3693 742 3760 3,
758 3694 783 3746 6.
803 3721 837 3732 -
857 3707 890 3746 ec
904 3690 1063 3760 obitas1=
1082 3706 1176 3746 eorum
1195 3690 1303 3745 civita-s.
1321 3717 1357 3728 -

128 3783 287 3852 meditate
300 3783 379 3851 requi
393 3783 545 3850 adductas]
565 3783 650 3836 iibere.
664 3781 795 3835 entwcder
809 3781 877 3834 nach
890 3779 951 3835 Anl.
970 3781 995 3834 J.
1018 3780 1080 3833 oder
1098 3779 1149 3832 mit
1168 3777 1277 3846 „K'o'nig
1295 3793 1358 3831 wer·

129 3872 179 3926 den
197 3872 327 3926 wollon“1
348 3901 381 3910 -
400 3873 480 3926 nocis
497 3872 577 3926 rebus
599 3871 720 3939 studere]
741 3871 810 3938 „auf
825 3870 949 3924 Umsturu
969 3869 1094 3924 sinueu“.
1112 3899 1147 3907 —
1166 3884 1249 3937 quam
1263 3865 1359 3935 plani·

127 3960 198 4028 maa]
218 3977 240 4015 e.
259 3977 342 4030 meam
359 3961 496 4015 maximus
508 3959 575 4030 Kap.
589 3961 615 4027 3,
635 3960 659 4015 1.
679 3989 714 3998 -
733 3960 875 4030 obstringo
898 3964 923 4014 tc
946 3947 1086 4026 beneficio]
1116 3957 1181 4025 „ioh
1206 3953 1358 4025 rerpfiichta

128 4050 190 4104 dich
207 4050 259 4103 mir
278 4049 361 4102 durch
379 4050 436 4102 eine
455 4045 655 4118 Gofa‘ihgkoit“.
1261 4060 1263 4064 ’

202 4159 227 4202 e.
246 4153 273 4202 tc
287 4163 341 4216 per
358 4147 428 4214 fines
445 4162 516 4202 meos
533 4147 574 4201 irc
589 4146 699 4217 patior]
718 4163 739 4201 s.
758 4144 819 4200 Anl.
839 4143 869 4200 Ο.
890 4173 924 4183 -
942 4143 1048 4201 obsides
1065 4143 1141 4198 inter
1153 4159 1180 4198 ec
1194 4141 1275 4210 duat]
1296 4140 1358 4209 „sie

129 4236 256 4290 tauschen
281 4234 388 4291 Geiseln
412 4237 491 4290 aus“.
512 4264 544 4275 —
559 4235 683 4304 perficio]
703 4236 769 4303 „ioh
787 4235 879 4302 brings
897 4250 925 4288 es
944 4233 1033 4301 dahin,
1052 4231 1133 4286 dafs“
1152 4232 1215 4299 (at).
1234 4234 1269 4270 -'
1288 4245 1360 4299 pro·

127 4325 253 4394 iubeant]
273 4341 294 4380 s.
313 4324 380 4396 Kap.
399 4327 424 4394 6,
445 4327 470 4380 1.
490 4355 524 4364 -
542 4325 707 4392 maleficium
725 4330 752 4380 ct
769 4323 890 4391 iniuria]
910 4339 931 4377 s.
951 4322 1017 4394 Kap.
1037 4323 1062 4390 7,
1081 4323 1098 4376 3
1117 4339 1142 4375 u.
1162 4319 1187 4376 ὃ.
