3136 4928
533 371 630 427 Corum.
649 372 721 441 VIII,
740 389 761 427 c.
780 373 895 428 27-30.
1275 371 1327 434 38?

97 531 281 608 credentes
308 534 346 597 ut
374 532 475 615 pridie
505 535 733 616 cognoverant,
763 533 889 598 delendi
918 535 1082 616 equitatus
1111 537 1213 600 nostri
1241 536 1328 602 nacti

98 639 297 704 occasionem
320 639 471 704 videbant
511 687 519 702 .

189 744 271 810 Cum
295 746 493 826 aliquamdiu
523 764 650 810 summa
673 749 874 812 contentione
897 748 1116 826 dimicaretur,
1139 749 1326 814 Dumnacus
1338 753 1380 814 29

95 851 230 915 instruit
253 852 362 930 aciem,
386 871 468 934 quae
492 853 558 917 suia
582 855 668 918 esset
690 854 851 936 equitibus
874 855 908 918 iu
930 856 1032 920 vicem
1054 855 1228 938 praesidio:
1253 874 1340 928 oum⁴

96 959 229 1041 repente
254 958 415 1024 confertae
439 959 580 1041 legiones
603 960 637 1023 iu
667 962 872 1043 conspectum
899 962 1041 1026 hostiurn
1064 963 1205 1026 veniunt.
1251 960 1352 1040 Qui-a

95 1066 156 1129 bus
172 1065 250 1129 visis
274 1067 438 1148 perculsae
459 1067 667 1131 barbarorum
683 1069 810 1132 turmae
827 1086 864 1132 ac
879 1068 1067 1151 perterritae
1084 1069 1168 1134 acies
1184 1069 1327 1133 hostium

95 1172 284 1255 perturbato
313 1173 615 1255 impedimentorum
644 1175 769 1256 agmine
800 1193 917 1256 magno
948 1176 1085 1240 clamore
1116 1175 1325 1257 discursuque

94 1278 219 1362 passIm
241 1277 336 1370 fugae
359 1272 394 1344 se
416 1280 582 1344 mandant.
611 1283 655 1344 At
676 1281 778 1346 nostri
801 1281 935 1363 equites,
958 1282 1013 1362 qui
1036 1282 1132 1364 paulo
1156 1284 1229 1347 ante
1251 1301 1351 1346 cumo

95 1384 322 1449 resistentibus
345 1385 518 1451 lortIssime
542 1387 763 1465 conflixerant,
786 1388 911 1452 laetitia
934 1388 1085 1452 victoriae
1110 1388 1187 1453 elati
1210 1407 1325 1470 magno

95 1491 238 1572 undique
261 1492 398 1557 clamore
421 1494 548 1558 sublato
572 1492 758 1558 cedentibus
775 1492 970 1571 circumfusi,
994 1495 1153 1574 quantum
1169 1513 1325 1576 equorum

94 1599 179 1663 vires
204 1599 245 1662 ad
267 1599 525 1682 persequendum
548 1599 740 1682 dextraeque
764 1600 803 1664 ad
828 1600 1025 1665 caedendum
1048 1602 1173 1678 valent,
1197 1602 1326 1665 tantum

95 1724 131 1770 eo
156 1706 277 1788 proelio
300 1707 503 1771 interficiunt.
533 1706 649 1789 Itaque
666 1707 803 1789 amplius
818 1707 948 1772 milibus
964 1707 1029 1771 ΧΠ
1052 1708 1108 1772 aut
1130 1709 1349 1772 armatorume

95 1814 153 1876 aut
176 1831 296 1889 eorum,
321 1813 375 1894 qui
398 1831 435 1878 eo
457 1813 571 1877 timore
595 1831 685 1876 arma
699 1814 906 1896 proiecerant,
929 1813 1107 1879 interfectis
1124 1815 1227 1878 omnis
1241 1813 1325 1878 mul·

94 1918 199 1983 titudo
224 1919 682 2010 capiturlimpedimentorum.

185 2023 257 2103 Qua
287 2044 325 2090 ex
353 2025 429 2107 luga
459 2045 533 2091 cum
563 2027 724 2090 constaret
754 2026 950 2110 Drappetem
982 2026 1154 2105 Senonem,
1186 2027 1256 2109 qui,
1287 2029 1325 2090 ut
1335 2028 1377 2091 3⁰

92 2133 237 2217 primum
271 2132 430 2198 defecerat
460 2133 579 2211 Gallia,
614 2134 754 2198 collectis
789 2133 930 2216 undique
965 2133 1099 2216 perditis
1133 2134 1324 2210 hominibus

94 2241 195 2304 serus
220 2240 261 2304 ad
289 2241 471 2305 libertatem
493 2241 630 2318 vocatis,
661 2241 805 2304 exulibus
834 2241 978 2305 omnium
1008 2241 1175 2305 civilatum
1207 2241 1324 2316 ascitis

92 2347 231 2431 receptis
255 2347 431 2412 latronibus
455 2347 685 2430 impedimenta
708 2349 741 2411 et
764 2349 961 2411 commeatus
984 2347 1202 2411 Romanorum
1225 2347 1324 2412 iuter·

93 2456 232 2537 ceperat,
254 2473 318 2518 non
342 2455 478 2537 amplius
500 2454 667 2519 hominum
689 2454 819 2517 milibus
843 2472 879 2517 ex
903 2452 980 2534 luga
1010 2453 1151 2534 qulnque
1182 2453 1322 2517 collectis

92 2561 289 2645 provinciam
312 2563 420 2643 petere
442 2579 570 2644 unaque
594 2561 761 2626 consilium
784 2578 858 2624 cum
881 2578 918 2623 eo
938 2559 1126 2624 Lucterium
1141 2559 1323 2624 Cadurcum

93 2669 231 2751 cepisse,
267 2686 363 2749 quem
397 2668 557 2751 superiore
592 2667 819 2732 commentario
855 2666 958 2749 prima
993 2664 1168 2730 defectione
1199 2665 1322 2732 Galbae

93 2774 198 2840 lacere
228 2775 262 2838 in
291 2775 486 2857 provinciam
516 2775 653 2839 voluisse
684 2774 842 2857 impetum
876 2773 1039 2856 cognitum
1073 2775 1139 2850 est,
1169 2772 1347 2837 Caniniusa

92 3023 202 3078 ehnfloh
218 3023 273 3078 l'dsa
286 3022 397 3093 pudore
415 3023 474 3076 aul!
500 3050 534 3061 -
560 3027 593 3076 at
672 3022 868 3091 cognoverant]
892 3021 958 3074 Dals
977 3021 1015 3074 sia
1037 3019 1093 3074 dies
1117 3019 1202 3073 erlebt
1219 3018 1322 3086 hatten,

7 3145 9 3154 ‚
91 3113 130 3168 ist
148 3129 197 3166 aus
216 3113 231 3181 ᾗ
249 3113 268 3166 4
286 3112 341 3166 und
359 3113 377 3166 5
394 3111 441 3166 des
458 3110 565 3180 rorigcn
582 3110 704 3181 Kapitols
723 3127 755 3164 au
773 3110 939 3164 entnehmeu.
959 3139 993 3148 -
1015 3107 1196 3174 videbantur]
1215 3131 1251 3152 =
1268 3106 1323 3162 sibi

92 3201 267 3257 uidebantur.

165 3307 244 3376 Καρ.
269 3307 318 3362 29.
359 3319 410 3360 111.
427 3317 451 3362 a.
475 3322 547 3375 quoe
627 3311 695 3361 esset
774 3307 806 3360 ia
830 3305 914 3361 vicem
935 3303 1091 3374 praesideo]
1117 3303 1166 3356 Die
1190 3303 1322 3356 einzelnen

91 3396 272 3465 Abteilungen
290 3396 336 3450 des
353 3395 506 3450 Fulsrollres
529 3395 625 3450 sollten
648 3395 704 3449 sich
726 3395 769 3449 bei
787 3394 834 3449 der
851 3394 1064 3462 Unterstiitaung
1082 3392 1129 3446 dor
1145 3392 1261 3446 Baiterei
1278 3391 1323 3444 ab·

91 3486 175 3540 ldsen.
196 3512 228 3522 -
248 3485 399 3553 consertae]
418 3485 493 3539 nicht
510 3485 611 3540 einzeln
628 3485 691 3539 oder
709 3483 1003 3552 auseinandergezogen,
1022 3482 1132 3536 scudem
1151 3481 1180 3534 in
1192 3480 1323 3549 geschlos·

92 3591 169 3630 saner
193 3574 288 3630 Massa.
316 3604 351 3614 -
378 3591 477 3644 magne
567 3574 708 3642 discursu]
735 3572 887 3627 bezeichnet
912 3572 959 3626 das
984 3571 1135 3626 Zerstiebeu
1161 3570 1228 3625 nach
1253 3569 1322 3623 allen

90 3663 190 3718 Seiten.
228 3663 362 3718 Entnimm
386 3663 492 3717 hierem
515 3663 563 3716 das
581 3663 696 3717 Verbum
719 3660 774 3716 und
791 3660 951 3715 rerwaudele
970 3660 1018 3713 das
1034 3659 1131 3728 jetzige
1148 3657 1277 3712 Prbdilrat
1293 3657 1322 3710 ln

90 3753 134 3808 ein
152 3752 327 3806 Aduerbium!

166 3853 223 3895 au
244 3853 268 3896 e.
297 3841 408 3896 laetitia
434 3841 569 3896 otctora'ue
595 3838 696 3908 alutac]
725 3839 978 3906 „siegestrunlron“.
1012 3867 1045 3876 -
1078 3834 1251 3904 mrucnfaai]
1279 3833 1322 3917 Sto

89 3929 192 3999 grcifcm
217 3946 266 3983 von
290 3930 360 3984 allon
378 3929 467 3985 Seiten
491 3947 533 3984 an.
558 3958 593 3968 -
619 3933 755 3997 quantum
833 3927 939 3992 calent,
967 3931 1077 3980 tantum
1095 3925 1149 3992 ...]
1175 3941 1226 3992 „so
1244 3924 1321 3992 lange

154 4018 320 4086 ausreichen,
344 4018 468 4088 solunge
487 4019 555 4074 ...“.
582 4046 616 4057 -
642 4015 767 4085 destruc]
792 4015 856 4084 „die
873 4014 987 4082 (Krdlta)
1005 4015 1076 4068 ihrer
1093 4013 1204 4067 Arme“.
1231 4039 1264 4050 -
1290 4027 1321 4067 eo

91 4107 201 4174 temore]
220 4105 276 4162 Aua
294 4105 395 4162 Furcht
413 4106 520 4162 wodor?

163 4212 242 4282 Knp.
262 4212 313 4269 80.
354 4227 376 4268 1.
391 4214 511 4282 perditi]
530 4213 590 4281 VII,
603 4214 629 4280 4,
643 4214 669 4268 3.
688 4237 723 4249 ·-
742 4215 906 4266 commeatus
917 4207 1116 4276 Romanorum
1137 4207 1201 4276 „dia
1218 4206 1260 4260 fitr
1278 4206 1320 4260 die

89 4302 187 4357 semer
204 4301 374 4357 bestimmten
386 4303 575 4374 'lbansporte“.
593 4338 630 4348 -
646 4319 707 4356 uno
725 4299 870 4356 emasile'um
888 4303 977 4353 tacco
994 4297 1065 4367 cepi]
1085 4296 1149 4364 „ioh
1166 4296 1234 4350 hubo
1251 4294 1321 4348 mich

90 4391 134 4446 dtr
152 4391 384 4460 angesehlossen“.
403 4421 437 4432 -
454 4391 548 4462 primu
565 4389 725 4460 defectione]
746 4413 781 4434 =
799 4393 833 4444 at
845 4387 971 4458 priorum
988 4384 1133 4452 defecent.
