3172 4922
251 357 289 420 20
745 359 785 412 De
802 360 871 412 hello
890 357 990 413 Gallico
1039 441 1042 446 Α

229 539 288 586 osc
318 521 441 585 dixerit.
487 520 575 583 Pct't
607 521 703 601 atque
732 520 895 596 hortatur,
930 521 968 582 ut
998 520 1065 582 sine
1096 521 1164 583 eius
1188 519 1357 584 offensione
1383 521 1483 584 animi

254 629 305 692 vel
327 629 394 710 ipse
419 627 457 690 de
483 645 518 690 ee
543 645 640 690 causa
664 627 790 708 cognita
814 628 938 690 statuat
952 626 1004 690 vel
1020 626 1182 690 civitatem
1199 629 1339 690 statuere
1363 627 1484 691 iubeat.

126 749 130 760 ·
200 739 244 800 tt
343 733 524 798 Diviciacus
540 734 651 797 multis
669 752 742 797 cum
765 733 905 796 lacrimis
923 732 1093 797 Caesarem
1117 734 1298 815 complexus
1315 734 1483 798 obsecrare

229 841 372 924 accepit,
400 859 440 903 ne
469 840 545 921 quid
574 840 702 920 gravius
733 841 766 903 in
796 839 929 903 fratrem
953 841 1126 903 statueret:
1159 839 1246 904 Scire
1271 859 1304 903 se
1328 840 1385 903 illa
1409 857 1480 903 esse

253 965 337 1024 vera,
361 966 419 1011 nec
435 964 630 1028 quemquam
654 965 691 1010 er
715 965 749 1010 eo
773 947 846 1028 plus
864 965 961 1027 quam
978 964 1011 1009 se
1035 946 1150 1009 doloris
1168 965 1289 1028 capere,
1312 948 1484 1029 propterea

255 1054 354 1135 quod,
385 1072 458 1117 cum
488 1054 555 1134 ipsa
580 1053 691 1133 gratia
720 1053 895 1135 plurimum
927 1052 1012 1115 domi
1043 1054 1139 1133 atque
1162 1053 1196 1115 in
1218 1053 1342 1134 reliqua
1367 1052 1485 1129 Gelda,

229 1161 307 1225 cille
331 1161 500 1224 minimum
523 1162 652 1242 propter
669 1159 918 1223 adulescentiam
941 1160 1058 1241 posset,
1081 1177 1138 1240 per
1162 1177 1195 1222 se
1220 1160 1387 1232 crevisset3
1413 1159 1484 1240 qui-

254 1268 314 1332 bus
331 1267 442 1348 opibus
460 1284 496 1329 ac
519 1266 625 1328 nervis
649 1284 712 1329 non
729 1266 832 1329 solum
850 1266 890 1329 ad
905 1266 1112 1330 minuendam
1138 1266 1283 1346 gratiam,
1308 1266 1363 1330 sed
1379 1283 1484 1348 paene

256 1373 295 1437 ad
324 1373 496 1455 perniciem
526 1391 618 1435 suam
648 1374 801 1436 uteretur.
848 1371 923 1436 Sese
954 1373 1063 1435 tamen
1094 1373 1126 1435 et
1150 1389 1256 1434 amore
1284 1371 1424 1435 fraterno
1449 1374 1485 1434 et

227 1478 486 1543 rexistimationc
511 1479 599 1560 vulgi
622 1478 820 1542 commoveri.
853 1477 945 1556 Quod
969 1478 996 1542 si
1020 1478 1095 1559 quid
1120 1478 1148 1541 ei
1165 1497 1183 1540 a
1200 1477 1335 1542 Caesare
1352 1478 1485 1558 gravius

256 1585 437 1661 accidisset,
461 1586 625 1668 cumipse
650 1604 724 1649 eum
747 1586 853 1648 locum
878 1585 1036 1648 amicitiae
1060 1584 1143 1666 apud
1169 1603 1242 1647 eum
1265 1586 1403 1661 teneret,
1425 1603 1486 1647 ne-

254 1692 375 1755 minem
398 1692 655 1755 existimaturum
677 1711 741 1754 non
765 1710 824 1754 sua
847 1691 1012 1755 voluntate
1043 1690 1183 1764 factum;
1215 1709 1278 1771 qua
1309 1709 1346 1753 ex
1374 1708 1407 1754 re
1431 1689 1483 1752 fu·

228 1800 374 1874 iturum,
397 1798 446 1860 uti
462 1797 561 1861 totius
579 1797 700 1861 Galhae
726 1798 823 1861 animi
846 1815 865 1860 a
886 1816 919 1861 se
936 1798 1165 1861 averterentur.
1184 1842 1188 1850 .
1210 1797 1299 1861 Haec
1315 1816 1388 1861 cum
1410 1797 1484 1879 plu·

255 1905 343 1968 ribus
359 1905 462 1968 verbis
486 1903 565 1968 flens
583 1923 601 1967 a
618 1903 752 1968 Caesare
775 1905 907 1985 peteret,
932 1903 1050 1968 Caesar
1074 1904 1141 1967 eius
1166 1903 1312 1967 dextram
1335 1904 1484 1986 prendit;

256 2011 437 2074 consolatus
460 2011 560 2091 rogat,
583 2009 680 2072 finem
704 2009 814 2072 orandi
837 2007 950 2083 iaciat3
974 2009 1060 2073 tanti
1084 2010 1151 2074 eius
1176 2010 1261 2092 apud
1285 2029 1317 2074 se
1342 2010 1483 2091 gratiam

255 2133 324 2180 esse
355 2116 509 2192 ostendit,
543 2116 592 2180 uti
622 2117 655 2179 et
685 2116 876 2199 reipublicae
900 2117 1050 2180 iniuriam
1075 2118 1107 2180 ct
1130 2135 1225 2180 suum
1249 2117 1389 2180 dolorem
1412 2117 1485 2179 eius

328 2340 350 2379 a.
369 2333 402 2380 at
475 2327 595 2394 stataat]
615 2326 675 2380 Aul.
695 2327 728 2380 N.
744 2357 778 2365 ——
792 2328 863 2394 cias]
883 2328 921 2381 ist
934 2328 1066 2395 abhingig
1079 2344 1128 2381 von
1142 2329 1202 2382 siae
1215 2326 1365 2392 offensione
1380 2328 1486 2393 aaimi;

254 2415 338 2468 dieses
357 2415 511 2468 iibersctzen
529 2416 576 2468 wir
594 2416 676 2469 liabcr
694 2416 777 2471 durch
794 2416 913 2469 Infinitiv
931 2417 980 2470 mit
1000 2417 1087 2483 „ohne
1168 2417 1237 2481 zu“;
1264 2415 1410 2469 ausserdem
1429 2417 1483 2484 vgl.

254 2521 286 2556 zu
305 2502 440 2568 offendere
459 2505 474 2571 ξ
493 2504 517 2556 2.
547 2533 580 2541 -
609 2519 723 2557 caesam
742 2505 911 2572 coacescere]
938 2505 1015 2572 „eine
1033 2504 1148 2572 (Strcit)
1166 2503 1247 2558 Sacha
1266 2505 1486 2570 untersuchen“;

254 2609 275 2646 s.
294 2591 355 2645 Anl.
374 2590 421 2646 L⁵.
447 2621 482 2630 -
506 2591 639 2660 statuere]
662 2592 761 2660 Wegen
786 2593 833 2646 der
851 2593 1056 2660 Wicderholung
1081 2593 1132 2661 vgl.
1160 2593 1210 2646 den
1235 2593 1339 2646 Schlul's
1364 2593 1411 2646 der
1431 2595 1485 2646 An·
1579 2613 1580 2620 ¹

253 2682 382 2749 merkuug
399 2681 442 2734 bei
459 2681 678 2735 aairaadecrtere
697 2681 712 2747 ξ
732 2683 756 2734 1.

325 2770 404 2838 Kap.
430 2769 477 2824 20.
527 2782 580 2822 ru.
603 2782 625 2823 a.
651 2770 817 2838 ceroplastas]
843 2787 863 2823 s.
882 2769 942 2823 Anl.
963 2769 991 2822 F.
1021 2799 1054 2808 -
1081 2769 1207 2838 arceias]
1235 2788 1255 2822 s.
1280 2787 1312 2822 cu
1337 2771 1484 2839 cupidius,

253 2859 319 2929 Kap.
331 2859 373 2925 15,
385 2859 410 2913 2.
430 2890 464 2899 -
482 2875 531 2912 aec
550 2860 706 2927 qaisquam]
726 2863 787 2927 sagt
806 2860 852 2912 der
865 2859 986 2912 Latainer
1004 2859 1030 2912 iu
1051 2859 1097 2912 der
1114 2859 1196 2927 Bagel
1215 2861 1284 2912 statt
1302 2865 1327 2912 et
1344 2875 1431 2914 acme.
1448 2890 1483 2898 —

254 2965 286 3003 ec
304 2965 335 3002 eo
349 2948 416 3015 pias
495 2948 599 3002 deleme
618 2948 725 3016 capere]
751 2947 799 3001 Als
817 2947 920 3000 Bruder
944 2947 1020 3000 hatte
1038 2964 1067 3000 er
1089 2947 1155 3000 noch
1173 2948 1248 3000 mehr
1267 2946 1359 3002 Gmnd
1378 2949 1418 3001 als
1437 2965 1486 3002 an-

254 3038 314 3091 dere
334 3037 389 3090 sich
407 3038 472 3090 dher
490 3037 537 3090 das
556 3035 695 3091 Gebahrcn
714 3037 760 3090 des
774 3036 918 3089 Dumnorix
938 3053 969 3088 aa
983 3041 1100 3103 grimen.
1119 3066 1153 3074 —
1172 3037 1311 3105 cumipse
1386 3037 1484 3104 plari-

252 3142 334 3192 maaa,
350 3166 390 3179 ...
406 3127 452 3179 ille
466 3127 611 3179 minimam
623 3126 724 3194 posset]
739 3127 874 3178 iibersetze
887 3125 955 3192 nach
968 3124 1034 3195 Kap.
1050 3125 1075 3190 3,
1086 3126 1115 3178 6!
1126 3131 1219 3193 posset
1232 3125 1327 3193 gchdrt
1342 3142 1373 3177 zu
1387 3125 1483 3179 beiden

253 3213 356 3268 Sitzcn.
376 3243 410 3252 —
430 3215 557 3282 erescere]
577 3217 708 3282 „steigcn
728 3214 966 3283 emporkommcn“.

327 3315 349 3356 a.
369 3302 458 3370 cerci]
479 3303 618 3370 „Sehnen,
637 3303 800 3368 Flechsan“;
828 3303 890 3355 aher
915 3302 981 3355 auch
1005 3301 1115 3369 „Kraft‚
1135 3301 1257 3355 Macht“.
1286 3331 1317 3340 —
1348 3300 1425 3356 Auch
1451 3321 1484 3356 zu

251 3391 377 3461 qratiam
394 3391 489 3458 gchdrt
507 3391 554 3444 das
573 3391 692 3458 folgendc
710 3408 798 3444 seam.
835 3391 893 3444 Wie
911 3391 999 3443 lautct
1016 3407 1096 3444 saam
1114 3391 1143 3443 in
1161 3389 1206 3444 Or.
1226 3389 1319 3443 recta?
1345 3419 1380 3429 -
1403 3408 1486 3446 amor

252 3478 409 3546 fraternas]
433 3479 482 3531 hat
505 3478 636 3531 disselban
662 3479 724 3531 awai
742 3479 932 3546 Bedeutnngen
951 3479 999 3532 wie
1017 3495 1096 3532 amor
1113 3477 1221 3544 fratris.
1250 3509 1284 3516 -
1312 3478 1486 3535 existimatio

252 3566 341 3635 aulai]
362 3567 534 3632 ‚,effeneliche
551 3567 708 3634 Meinung“.
728 3595 761 3604 -
782 3569 956 3634 commoveor]
976 3567 1040 3634 „ich
1058 3568 1127 3620 lasse
1147 3568 1215 3620 mich
1232 3567 1420 3621 bestimmen“.

326 3667 350 3707 a.
370 3655 445 3722 qaod
463 3655 499 3722 si]
523 3672 543 3708 s.
562 3655 628 3724 Kap.
648 3655 691 3722 14,
710 3656 735 3709 3.
764 3684 797 3693 -
827 3656 931 3709 accidit
948 3656 1026 3723 milii]
1045 3673 1066 3708 s.
1085 3655 1151 3725 Kap.
1173 3658 1214 3724 18,
1234 3658 1259 3710 9.
1288 3685 1322 3694 -
1350 3673 1412 3710 cam

253 3744 368 3809 maeret]
387 3743 461 3810 gicht
479 3744 529 3796 den
544 3742 637 3798 Grund
655 3761 688 3797 an
707 3744 749 3797 ilir
766 3745 900 3799 neminem
981 3745 1207 3799 ecistimataram
1225 3745 1279 3798 und
1297 3745 1336 3798 ist
1352 3745 1381 3798 in
1396 3745 1487 3799 dieses

148 3871 150 3876 -
252 3831 386 3899 Satagliad
405 3832 607 3886 einzuschaltan.
637 3864 670 3871 -
698 3848 760 3887 eam
779 3835 866 3888 locum
885 3832 1038 3901 amicitiae]
1058 3834 1143 3887 libers.
1162 3834 1229 3887 nach
1249 3834 1386 3902 aatiqaas
1405 3835 1486 3888 lomes

249 3922 371 3990 cratiae,
390 3920 456 3991 Kap.
478 3923 519 3988 18,
539 3923 562 3976 8.
583 3952 617 3961 -
637 3923 737 3989 tenere]
759 3923 966 3989 „einnehmen“.
987 3951 1019 3960 -
1040 3940 1096 3990 aaa
1114 3940 1147 3977 ea
1163 3939 1194 3977 re
1212 3923 1343 3988 saturam
1361 3923 1428 3990 esse]
1448 3923 1487 3977 Sc
1576 3983 1577 3990 ,

251 4010 316 4063 wird
336 4010 383 4062 das
402 4010 479 4063 Wort
498 4011 622 4079 „Folge“
642 4011 831 4065 umechricben.
852 4041 884 4049 —
906 4011 1003 4079 aaimi]
1027 4029 1047 4065 s.
1066 4010 1127 4065 Aul.
1147 4012 1175 4065 T.

326 4111 349 4152 a.
376 4099 505 4166 placidas
531 4100 628 4166 cerdis]
663 4100 729 4153 auch
757 4099 825 4152 blols
848 4100 981 4168 placidas
1007 4125 1042 4143 =
1070 4100 1309 4168 „weitlttultigor“.
1339 4129 1373 4138 —
1400 4101 1484 4169 aeae]

253 4190 355 4255 „anter
372 4187 523 4242 Thrtnen“.
544 4219 578 4228 —
597 4187 761 4256 consolatae]
781 4205 801 4242 s.
822 4187 882 4241 Anl.
900 4187 930 4241 F.
951 4217 985 4226 -
1003 4189 1085 4255 finem
1165 4188 1265 4256 facere]
1291 4189 1377 4242 libers.
1397 4189 1485 4243 durch

251 4277 307 4330 ain
325 4277 451 4330 Verbum!
481 4307 515 4315 -—
543 4278 644 4345 Wegon
669 4277 744 4330 taaii
769 4281 809 4330 est
838 4277 898 4342 „ist
923 4293 952 4329 so
970 4276 1021 4329 viel
1038 4277 1125 4329 wert“
1150 4276 1221 4330 mulo
1242 4278 1340 4345 aratia
1364 4277 1487 4331 hiereis

250 4365 449 4433 ,Wohlwollam
459 4361 671 4422 Freundsehaft“
681 4364 779 4434 gelalst
792 4364 903 4418 werden.
923 4393 956 4402 -
975 4365 1017 4419 rei
1027 4365 1167 4433 pablieac]
1181 4365 1219 4418 ist
1230 4363 1323 4420 Genet.
1334 4365 1430 4420 obiect.
1439 4396 1483 4464 3-
