3134 4922
555 389 651 444 Comm.
670 389 716 457 IV,
735 407 756 444 o.
776 391 889 445 10—1a.
1276 389 1338 450 dli

109 565 191 630 quae
215 567 235 614 a
259 548 396 633 Caesare
419 549 565 628 ferretur,
589 570 622 615 se
646 570 759 615 usuros
784 551 1008 616 ostendebant:
1034 552 1073 616 ad
1097 553 1155 616 has
1185 571 1236 616 res
1265 572 1337 618 oon-

108 655 260 720 fioiendas
291 656 351 720 sibi
382 656 480 720 tridui
511 658 650 740 spatium
680 657 779 722 daret.
830 657 919 722 Haeo
946 659 1051 722 omnia
1081 657 1198 723 Caesar
1229 659 1361 724 eodemr

109 761 162 824 illo
201 762 361 844 pertinere
402 763 631 841 arbitrabatur,
665 766 704 828 ut
738 763 836 828 tridui
869 783 960 828 mora
992 765 1180 847 interposita
1215 766 1338 846 equites

111 887 229 944 eorum,
253 869 309 949 qui
333 869 490 947 abessent,
512 871 763 945 reverterentur;
788 872 896 935 tamen
920 889 988 935 sese
1011 889 1074 935 uon
1102 871 1228 952 longius
1255 871 1338 936 rnili-

109 975 169 1038 bus
193 991 348 1056 passuum
374 977 526 1056 quattuor
549 977 728 1057 aquationis
752 995 849 1042 eausa
864 995 1087 1059 prooessurum
1111 996 1146 1041 eo
1171 977 1221 1041 die
1238 977 1334 1041 dixit:

110 1081 173 1144 huo
196 1083 325 1163 postero
356 1081 405 1146 die
437 1101 533 1163 quam
563 1082 815 1163 frequentissimi
842 1083 1060 1160 eonvenirent‚
1091 1085 1128 1147 ut
1158 1083 1196 1148 de
1227 1102 1361 1148 eorums

110 1187 281 1269 postulatis
306 1191 517 1269 oognosoeret.
551 1189 686 1253 Interim
702 1189 741 1253 ad
764 1189 950 1272 praefeotos,
975 1190 1029 1270 qui
1044 1209 1117 1254 oum
1141 1191 1227 1253 omni
1250 1190 1361 1271 equi-o

111 1294 183 1356 tatu
207 1294 454 1372 anteoesserant,
477 1295 582 1359 mittit
606 1297 660 1377 qui
682 1297 878 1373 nuntiarent,
901 1315 940 1360 ne
964 1297 1075 1360 hostes
1098 1297 1215 1378 proelio
1237 1297 1337 1361 laees-

112 1402 220 1464 serent
243 1403 283 1478 et,
308 1401 336 1464 si
358 1401 419 1484 ipsi
441 1403 685 1480 laeesserentur‚
710 1403 912 1480 sustinerent,
937 1403 1039 1484 quoad
1063 1403 1130 1486 ipse
1155 1422 1228 1468 oum
1252 1422 1338 1468 erer-

111 1507 176 1570 oitu
200 1507 331 1590 propius
356 1508 550 1572 aooessisset.

199 1615 245 1677 At
276 1614 395 1690 hostes,
424 1614 478 1677 ubi
507 1615 647 1697 primurn
678 1616 803 1678 nostros
833 1615 957 1696 equites
987 1617 1232 1698 conspexerunt,
1262 1618 1390 1697 quo-12

110 1739 183 1784 rum
208 1721 278 1784 erat
301 1719 331 1782 V
355 1721 480 1784 milium
503 1739 670 1797 numerus,
695 1739 768 1784 oum
791 1721 851 1803 ipsi
881 1739 944 1784 non
973 1721 1110 1804 amplius
1139 1722 1338 1804 ootingentos

113 1827 239 1908 equites
272 1827 443 1904 haberent,
474 1827 558 1908 quod
587 1826 625 1904 ii,
661 1827 716 1908 qui
746 1826 963 1891 frumentandi
992 1845 1088 1892 eausa
1117 1829 1221 1892 ierant
1249 1831 1338 1892 trans

111 1933 248 2009 Mosam,
272 1933 413 1997 noudum
444 1932 614 2009 redierant,
643 1933 723 1996 nihil
752 1933 940 1998 timentibus
970 1935 1100 2010 nostris,
1129 1934 1212 2015 quod
1241 1935 1339 2016 legati

112 2057 223 2104 eorum
265 2040 360 2122 paulo
403 2043 477 2104 ante
508 2059 527 2104 a
562 2039 697 2105 Caesare
736 2040 948 2104 disoesserant
986 2041 1082 2121 atque
1120 2042 1147 2104 is
1187 2041 1254 2105 dies
1291 2041 1339 2104 in-

112 2145 211 2213 dutiis
236 2148 306 2209 erat
336 2146 375 2210 ab
404 2147 453 2210 his
488 2146 625 2228 petitur,
660 2147 783 2228 impetn
812 2145 896 2211 faoto
932 2147 1076 2211 celeriter
1109 2149 1235 2211 nostros
1269 2166 1340 2230 per·

112 2428 191 2482 ihnen
211 2427 293 2482 caso
309 2427 376 2498 Kap.
396 2429 421 2494 8,
440 2429 457 2482 3
476 2429 598 2497 gemacht
616 2428 705 2494 hatto,
730 2428 785 2482 und
808 2429 854 2481 der
876 2429 941 2482 nooh
961 2428 1019 2496 gitt.
1043 2457 1078 2466 -
1101 2428 1254 2494 ostendere]
1281 2445 1339 2494 „er-

112 2516 213 2582 lrliiren,
231 2515 353 2583 erdffnen,
372 2515 525 2585 darlogeo“.
546 2547 579 2555 -
598 2516 691 2584 darei]
710 2517 811 2570 lautete
829 2517 856 2570 in
875 2517 991 2570 direhtor
1008 2516 1080 2570 Rode
1099 2517 1144 2570 dei.

186 2617 211 2658 ⁴.
234 2604 329 2659 eodem
347 2605 396 2658 iiio
410 2605 542 2673 pertinet]
566 2605 659 2658 Dieser
681 2604 734 2658 und
753 2605 888 2658 ihnliohor
906 2605 1077 2672 Wandungen
1095 2605 1202 2658 bediont
1220 2605 1275 2658 sioh
1294 2605 1340 2659 der

109 2693 244 2760 imbeiam,
264 2709 302 2746 wo
321 2693 368 2746 wir
386 2693 433 2746 das
447 2693 525 2746 Wort
544 2693 675 2759 „Zweok“
691 2694 854 2746 rerwenden.
887 2693 1011 2746 Welohen
1026 2693 1115 2746 Zweok
1133 2693 1189 2746 ihre
1203 2693 1277 2746 Bitte
1295 2710 1339 2746 um

113 2782 170 2835 eine
193 2781 342 2849 droitigige
359 2779 433 2834 nest
456 2798 487 2834 au
512 2781 596 2834 haben
623 2781 738 2847 soheint,
763 2781 837 2849 giebt
859 2781 984 2834 dorSatz
1004 2781 1105 2836 mitat
1123 2799 1164 2835 an.
1191 2810 1223 2818 —
1250 2781 1340 2835 tridui

112 2887 192 2925 mora
209 2869 389 2938 interposita]
408 2886 428 2923 s.
443 2869 510 2939 Kap.
525 2871 550 2936 9,
564 2871 581 2924 3
596 2870 649 2922 und
664 2868 724 2923 Anl.
739 2868 787 2923 K3.
803 2900 836 2908 -
856 2870 904 2939 qai
922 2869 1055 2936 obessent]
1074 2868 1135 2924 Anl.
1148 2870 1180 2924 B.
1200 2899 1232 2907 -
1251 2885 1339 2922 raver-

114 2959 252 3026 mator]
277 2957 338 3012 Ant.
357 2957 408 3011 N1.
434 2985 466 2994 -
493 2958 651 3027 aquationis
676 2957 773 3027 caasa]
800 2959 839 3014 Ob
855 2975 893 3010 er
917 2958 1031 3010 wirhlioh
1057 2957 1125 3011 blois
1151 2957 1196 3010 des
1221 2958 1341 3013 Wassers

113 3063 203 3114 aegon
222 3047 289 3100 noch
308 3063 336 3100 so
354 3046 415 3100 weit
433 3046 578 3113 vorriiotrte,
598 3046 700 3099 soheint
718 3047 835 3116 traglieh.

188 3148 212 3187 s.
231 3151 314 3203 qaam
330 3133 558 3204 frequentissimi]
577 3152 598 3188 s.
616 3135 683 3206 Kap.
701 3137 727 3202 3,
749 3137 763 3188 1
783 3152 814 3188 au
833 3152 916 3204 qaam
934 3135 1073 3188 latissime.
1098 3163 1132 3171 -
1155 3134 1340 3203 convenirent]

112 3223 218 3277 lautete
240 3223 268 3276 in
291 3223 407 3277 direhter
423 3223 509 3278 Rode:
534 3225 675 3278 eonvenite
694 3248 728 3268 =
748 3223 853 3290 „findet
875 3223 940 3277 euoh
958 3224 1031 3276 ein“.
1059 3251 1089 3259 -
1116 3238 1272 3291 eoqaoseere
1296 3223 1340 3290 rie]

113 3311 180 3365 wird
199 3311 239 3365 oft
257 3327 313 3364 vom
328 3311 437 3365 Richter
455 3314 556 3380 gesegt,
576 3311 622 3364 der
639 3313 703 3365 iiber
721 3315 801 3366 etwas
819 3311 942 3377 befindet,
961 3310 1002 3362 ein
1016 3309 1184 3377 Erbenntnis,
1204 3311 1259 3366 eine
1278 3311 1341 3366 Ent-

114 3399 261 3468 aabaidnrrg
279 3400 393 3468 abgiebt.
746 3432 756 3445 f

189 3502 213 3542 a.
239 3489 327 3543 mittit
350 3489 400 3556 qui
423 3489 602 3556 ornatiorem]
629 3505 681 3556 „er
705 3489 821 3543 sohiolrte
845 3489 886 3542 die
909 3488 1062 3554 Botsohaft,
1088 3487 1137 3541 don
1160 3488 1283 3543 Befehl·‘.
1309 3519 1340 3528 -

109 3577 232 3646 proelio]
257 3577 299 3630 bei
322 3578 451 3632 morerere
473 3577 511 3630 ist
529 3575 635 3630 Ablativ
653 3577 699 3630 des
717 3577 835 3643 Mittels3
861 3577 923 3630 aber
945 3575 992 3629 der
1009 3576 1141 3630 Doutsoho
1166 3577 1247 3630 denkt
1270 3578 1343 3630 mehr

115 3665 211 3731 daran,
230 3681 325 3723 ¹wozu
349 3665 389 3718 ate
411 3665 570 3718 woduroh
593 3681 653 3718 man
669 3665 730 3733 jem.
750 3665 814 3718 reiat
833 3665 894 3718 oder
912 3665 1113 3718 herausfordert.
1139 3695 1171 3703 -
1195 3666 1342 3733 sustinere]

115 3770 136 3807 s.
156 3752 223 3823 Kap.
243 3755 269 3819 3,
289 3755 314 3806 1.

187 3858 267 3927 Kap.
289 3857 339 3913 12.
381 3871 402 3913 1.
420 3859 470 3912 abi
483 3859 616 3928 primam]
637 3883 671 3903 ==
689 3860 863 3928 simulatque.
882 3889 915 3898 -
935 3861 1061 3928 qaorum]
1080 3860 1165 3928 hingt
1183 3877 1231 3913 von
1249 3875 1342 3912 auara-

115 3963 166 4002 ras
190 3948 237 4013 ab,
264 3947 305 4000 bei
331 3947 388 4000 dom
413 3947 529 4000 naehhor
553 3947 620 4001 anob
643 3948 708 4001 nooh
728 3947 774 4000 der
791 3948 924 4016 Betrag
942 3949 989 4001 der
1006 3948 1083 4015 Zahl,
1108 3949 1155 4001 wie
1173 3947 1342 4016 gowdhnlioh,

114 4036 152 4090 im
171 4035 284 4091 Genetiv
303 4035 384 4090 steht.
409 4064 442 4074 -
467 4037 538 4104 eam]
559 4036 735 4104 „wiihrend“.
758 4066 794 4074 -
818 4037 892 4104 qaod
970 4036 1125 4104 redierant]
1150 4035 1286 4090 betraohte
1304 4037 1344 4090 ais

114 4125 290 4180 Parenthesa!
312 4153 345 4162 -
364 4123 557 4190 fermentandi
576 4123 673 4193 caasa]
693 4141 714 4178 s.
733 4124 799 4194 Kap.
819 4126 844 4192 9,
862 4126 887 4178 3.
908 4153 941 4163 -
966 4125 1040 4179 nihii
1057 4125 1214 4178 umentibus
1231 4123 1343 4192 mahte]

113 4212 186 4280 (aar.
211 4213 249 4279 H)
274 4212 386 4280 beginnt
410 4213 460 4266 don
484 4213 631 4278 Naohsat23
660 4213 705 4264 wir
729 4218 834 4266 mdssen
859 4230 908 4266 von
933 4213 983 4266 don
1007 4213 1114 4267 Worten
1140 4214 1244 4280 impetu
1266 4212 1345 4278 farto

8 4365 10 4376 ,
114 4300 185 4368 (aar.
206 4299 255 4368 Li)
278 4301 336 4354 hier
358 4301 432 4354 einen
450 4301 506 4354 Toil
528 4300 700 4354 einsohieben.
725 4329 760 4338 —
784 4301 916 4368 indutiis]
940 4302 1013 4369 giebt
1031 4318 1076 4368 an,
1102 4302 1182 4354 wofdr
1198 4300 1272 4368 jener
1289 4301 1345 4369 Τις

112 4391 222 4446 erheten
241 4406 305 4444 war.
324 4425 359 4433 -
376 4387 551 4458 periwrbare]
570 4387 630 4443 Anl.
648 4386 681 4443 U.
