3086 4920
498 381 596 437 (hmm.
613 381 660 449 VI,
678 398 701 436 c.
719 379 834 436 29-32.
1223 379 1277 439 216

65 544 203 626 equitum
232 543 370 608 adventu
398 543 590 626 prohibitus,
625 561 698 607 cum
732 541 891 625 reliquum
919 542 1091 607 exercitum
1126 543 1277 626 subsequi
1307 567 1309 571 ·

64 651 214 727 crederet,
237 649 370 714 dubium
393 651 450 713 est.
496 648 559 714 Sed
582 651 667 714 certe
691 649 829 714 dimissis
858 667 915 732 per
943 667 1035 731 agros
1066 649 1187 713 nuntiis
1218 650 1302 714 sibit

64 775 214 839 quemque
245 757 408 821 consulere
436 756 539 820 iussit
592 754 734 834 Quorum
765 774 839 839 pars
868 754 901 818 in
922 755 1128 820 Arduennam
1155 755 1278 834 silvam,

63 881 129 946 pars
152 863 185 925 in
209 862 407 928 continentes
430 861 562 944 paludes
585 860 741 944 profugit;
766 862 821 944 qui
843 861 975 945 proximi
991 860 1115 927 Oceano
1139 860 1301 939 fuerunts

63 969 91 1033 hi
118 968 230 1033 insulis
261 986 330 1032 sese
364 969 618 1045 occultaverunt,
653 987 733 1050 quus
767 970 875 1033 aestus
910 967 1033 1032 efficere
1068 970 1276 1042 consuerunt;

63 1076 150 1140 multi
173 1094 212 1140 ex
235 1075 302 1139 suis
324 1075 440 1139 linibus
464 1075 583 1156 egressi
606 1094 639 1140 se
664 1093 784 1156 suaque
813 1075 918 1140 omnia
947 1075 1149 1139 alienissimis
1178 1074 1301 1140 credi-a

63 1181 178 1246 derunt.
225 1181 427 1259 Catuvolcus,
450 1200 505 1246 rex
527 1180 674 1246 dimidiae
697 1181 798 1265 partis
820 1182 1015 1258 Eburonum,
1039 1181 1093 1263 qui
1116 1199 1181 1246 una
1204 1200 1301 1246 cuma

62 1289 237 1371 Ambiorige
260 1288 427 1353 consilium
448 1288 578 1364 inierat,
601 1290 706 1352 aetate
735 1289 800 1354 iam
829 1287 1005 1364 confectus,
1035 1306 1107 1353 oum
1137 1288 1278 1353 laborem

62 1396 128 1460 belli
151 1397 209 1460 ant
231 1394 326 1476 fugae
349 1393 430 1458 ferre
453 1413 516 1459 non
538 1397 655 1478 posset,
678 1395 823 1459 omnibus
846 1394 991 1477 precibus
1008 1394 1186 1459 detestatus
1201 1397 1278 1458 Am·

63 1503 223 1585 biorigem,
247 1502 302 1584 qui
325 1501 393 1565 eius
416 1501 537 1566 consilii
561 1503 670 1565 auctor
700 1500 829 1577 fuisset,
858 1503 948 1576 taxo,
978 1500 1067 1566 cuius
1098 1518 1214 1583 magna
1245 1501 1277 1565 in

64 1607 160 1674 Gallia
184 1608 418 1690 Germaniaque
442 1609 530 1691 copia
553 1610 611 1685 est,
635 1627 668 1673 se
692 1608 892 1673 exanimavit.

144 1714 241 1797 Segni
257 1713 475 1796 Condrusique
496 1733 533 1778 er
553 1716 647 1796 gente
668 1716 700 1779 et
719 1733 851 1780 numero
867 1714 1108 1792 Germanorum,
1131 1715 1187 1797 qui
1203 1716 1277 1778 sunt
1288 1716 1330 1777 82

62 1822 138 1887 inter
152 1823 318 1887 Eburones
333 1821 556 1903 Treverosque,
578 1821 699 1904 legatos
723 1821 764 1885 ad
780 1820 951 1887 Gaesarem
970 1822 1127 1886 miserunt
1143 1823 1277 1898 oratum,

63 1947 97 1992 ne
118 1947 151 1994 se
174 1929 209 1992 in
231 1928 374 1992 hostium
396 1946 528 1992 numero
551 1927 681 1992 duceret
702 1946 781 1992 neve
802 1928 944 1993 omniurn
960 1927 1200 2005 Germanorum,
1224 1927 1279 2009 qui
1345 1977 1347 1982 .

64 2037 163 2100 essent
183 2035 265 2100 citra
279 2035 437 2111 Rhenum,
457 2053 555 2099 unam
571 2052 640 2098 esse
656 2053 787 2099 causam
802 2034 972 2100 iudicaret:
995 2033 1075 2099 nihil
1091 2052 1124 2098 se
1141 2034 1278 2099 debello

65 2142 259 2223 cogitavisse,
286 2141 375 2206 nulla
398 2141 572 2223 Ambiorigi
595 2141 712 2204 auxilia
734 2141 868 2205 misisse.
914 2140 1031 2208 Caesar
1054 2140 1215 2223 explorata
1244 2159 1303 2205 rer

66 2249 241 2328 quaestione
252 2248 456 2332 captivorum,
469 2247 562 2328 siqui
574 2247 614 2311 ad
627 2266 679 2312 eos
688 2248 851 2312 Eburones
864 2267 902 2312 ex
911 2247 989 2330 iuga
998 2247 1226 2324 convenissent,
1239 2247 1279 2312 ed

67 2372 96 2418 se
114 2357 150 2420 ut
164 2354 400 2432 reducerentur,
423 2354 606 2437 imperavit3
630 2353 658 2417 si
672 2353 720 2418 ita
734 2353 892 2432 fecissent,
913 2353 991 2418 fines
1008 2373 1117 2418 eorum
1133 2372 1167 2418 se
1183 2355 1280 2418 viola·

68 2461 166 2526 turum
188 2462 327 2543 negarit.
356 2461 438 2524 Tum
461 2460 557 2543 cepha
580 2460 702 2525 intres
724 2461 831 2544 partes
854 2460 1032 2525 distributis
1051 2461 1303 2544 impedimentis

67 2569 200 2632 omnium
233 2567 394 2650 legionum
422 2567 624 2632 Aduatucam
638 2568 643 2579 '
658 2568 801 2631 contulit.
851 2566 891 2631 Id
919 2567 1042 2631 castelli
1075 2585 1191 2632 nomeu
1221 2568 1302 2630 ests

65 2672 126 2739 Hoc
148 2674 212 2740 iere
237 2675 341 2739 estin
364 2671 477 2739 mediis
499 2674 685 2739 Eburonum
707 2673 831 2751 finibus,
854 2673 909 2738 ubi
929 2674 1071 2738 Titurius
1095 2675 1190 2756 atque
1214 2675 1280 2736 An-

132 2898 206 2942 2-4.
226 2887 308 2955 certa]
327 2886 435 2954 „sicher
447 2887 493 2954 ist,
512 2885 570 2940 dan
583 2903 612 2941 er
626 2887 690 2941 ...“.
710 2916 743 2926 -
763 2885 916 2954 coertincns]
937 2885 1020 2952 „weit
1036 2885 1230 2954 ausgedehnt“.
1245 2913 1279 2924 -

65 2989 112 3030 rua
134 2974 238 3045 mio]
262 2975 309 3042 IV,
328 2977 371 3042 19,
390 2976 415 3030 2.
441 3004 475 3014 -
500 2975 674 3044 odiosissime]
691 2976 747 3030 Der
764 2975 912 3045 Superlativ
929 2975 968 3029 ist
984 2973 1065 3028 illiers
1083 2973 1165 3028 durch
1185 2991 1279 3044 „gana

65 3064 147 3133 idllig,
165 3064 325 3119 besonders“
344 3064 396 3118 mit
413 3064 513 3119 Positis
531 3081 563 3118 nu
581 3067 706 3120 ersetnon.

133 3165 156 3208 o.
174 3153 318 3208 ennodium
336 3152 420 3221 bade]
438 3152 483 3218 IV,
502 3153 545 3220 32,
563 3154 591 3208 2.
613 3181 647 3192 -·
671 3158 760 3209 comte
778 3152 929 3221 confectus]
949 3151 1013 3221 „ein
1030 3152 1099 3206 alter
1115 3151 1227 3206 Menn“.
1246 3183 1279 3192 -

66 3256 122 3296 coci
194 3241 298 3312 maed]
321 3259 342 3296 s.
362 3257 424 3296 cum
441 3241 566 3296 uiderent
583 3241 615 3309 V,
635 3242 677 3309 17,
696 3243 722 3298 3.
748 3272 781 3280 —
806 3243 931 3298 moos
950 3241 1089 3312 creabo]
1115 3247 1135 3295 s.
1154 3241 1185 3308 V,
1204 3241 1229 3307 6,
1247 3241 1278 3306 3;

65 3329 108 3383 der
124 3329 213 3398 Elnch,
231 3329 274 3385 die
292 3329 505 3400 Verwiinsohung
523 3331 561 3385 iat
578 3330 644 3385 nach
661 3329 822 3400 Anffassung
839 3331 886 3385 der
903 3332 1025 3386 lateiner
1042 3330 1109 3384 anch
1127 3330 1170 3384 ein
1188 3327 1279 3396 Gobet,

65 3417 124 3472 uber
140 3420 217 3486 eines,
236 3419 285 3473 das
303 3418 389 3473 Strato
407 3419 517 3474 heischt
536 3449 572 3459 -
589 3419 698 3487 auctor]
717 3421 748 3487 V,
767 3420 812 3487 25,
829 3421 855 3475 3.
875 3449 909 3460 -
931 3419 1008 3487 tomo]
1027 3419 1077 3474 Die
1094 3418 1158 3473 Eibe
1175 3418 1281 3473 cnthtlt

66 3505 91 3559 in
106 3507 188 3562 Rinde
205 3507 260 3562 nnd
278 3507 402 3562 Blittam
419 3508 531 3578 giftigen
548 3508 614 3563 sib.

130 3594 206 3664 usp.
227 3594 279 3652 32.
321 3609 343 3651 ι.
362 3596 505 3666 quisunt]
523 3597 618 3666 gehdrt
630 3597 705 3652 nicht
719 3613 749 3651 zu
765 3597 979 3662 Germanorum
999 3613 1045 3650 zur
1057 3587 1240 3666 Ubersetzung
1258 3613 1279 3650 s.

66 3683 1280 3754 V‚nl,4zuene-io...mmaero]simonianos-commeamus

66 3773 156 3843 muso]
175 3775 235 3843 „sie
253 3773 373 3830 beiinden
391 3775 448 3829 sich
465 3775 517 3828 alle
530 3775 558 3829 in
570 3774 697 3844 gleichem
710 3774 812 3828 Ealle“.
831 3804 865 3814 ·-
884 3775 932 3844 qni
950 3779 1038 3830 essem
1055 3775 1129 3830 citro
1141 3774 1280 3842 Quor]

66 3859 202 3918 Anl.B.-
216 3863 300 3932 nillil]
314 3863 445 3918 oltblolse
454 3862 904 3934 Negationsaberstirheralsoon.
918 3891 954 3902 -
966 3861 1001 3917 ric
1015 3863 1094 3931 bollo]
1105 3879 1159 3930 „an
1168 3862 1279 3932 Kriog“.

132 3963 155 4007 2.
173 3953 334 4022 wadone
351 3951 533 4022 coniicerm]
550 3952 601 4006 Die
618 3951 768 4021 Beiragnng
785 3951 823 4005 ist
840 3950 887 4006 das
900 3950 998 4018 Mittel,
1017 3951 1100 4004 durch
1117 3951 1165 4005 das
1183 3967 1212 4004 er
1230 3949 1280 4004 den

66 4035 241 4096 Thatbestnnd
258 4040 396 4095 ermitteIt.
415 4069 451 4080 -
468 4041 493 4096 si
510 4040 561 4111 qui
621 4040 818 4108 emendasset]
836 4039 941 4094 enthilt
959 4039 1006 4094 das
1019 4039 1131 4108 Subjekt
1149 4055 1181 4093 zu
1197 4037 1280 4094 redu-

67 4135 199 4196 centium
219 4145 266 4184 rur
282 4119 465 4198 Utorsetunng
483 4146 504 4183 s.
517 4129 563 4197 IV,
577 4129 621 4196 37,
634 4130 714 4184 2.-
736 4144 771 4184 en
787 4127 1022 4198 fiagu1bbersetae
1040 4126 1226 4197 adjclrtirisch!
1246 4157 1280 4166 -
1377 4171 1380 4177 .

66 4214 145 4272 sitta
162 4216 270 4286 seceris]
290 4217 339 4286 „in
356 4216 415 4272 dern
432 4217 535 4274 Eelle“.
554 4247 588 4258 -
605 4217 723 4286 chloro]
741 4217 808 4288 Kap.
822 4217 865 4284 23,
879 4217 905 4272 9.
924 4244 957 4258 -
975 4216 1087 4287 aegaee]
1105 4215 1138 4283 V,
1156 4217 1200 4284 36,
1218 4217 1244 4270 4.

132 4320 156 4361 s.
179 4305 333 4376 mellum]
355 4305 437 4361 hsiist
452 4306 526 4376 jeder
543 4306 682 4376 belcstigto
700 4306 783 4362 Platz.
808 4332 841 4345 -
863 4301 1006 4361 hiemandi
1024 4321 1111 4360 caasa
1128 4303 1280 4375 corniolen]

69 4393 139 4454 ..sein
156 4393 333 4464 Winterlsger
349 4394 546 4464 anischlngen‘f.
599 4418 613 4452 ε’
766 4420 769 4425 ·
