3086 4920
233 355 285 416 tlt
721 355 760 408 De
779 353 847 408 belle
866 351 965 408 Gallice

233 518 338 582 nribus
361 536 417 600 per
441 535 474 580 se
499 535 536 580 er
559 515 699 580 hibernis
723 515 883 580 discedere
909 517 949 592 et,
973 532 1191 596 quascumque
1220 514 1253 578 in
1277 502 1385 596 partes
1407 532 1455 576 ve-

207 624 302 701 rlint,
325 625 392 688 sine
416 627 505 688 metu
529 621 691 705 proficisci.
738 621 845 686 Cicero
870 620 1012 685 adhaec
1041 640 1141 684 unum
1164 619 1258 684 modo
1281 619 1454 702 respondit:

232 749 295 795 non
319 749 388 795 esse
412 729 676 794 consuetudinem
698 728 806 811 populi
830 727 966 792 Romani
990 727 1129 808 accipere
1154 727 1193 790 ab
1216 727 1308 790 hoste
1338 728 1455 789 armato

206 836 463 910 acendicionem;
495 835 521 898 si
552 835 590 898 ab
627 835 725 898 armis
755 833 916 898 discedere
947 833 1059 908 velint,
1090 851 1123 897 se
1152 832 1295 897 adiutore
1327 835 1456 897 utantur

231 944 418 1024 legatosque
442 941 482 1006 ad
506 939 676 1006 Caesarem
699 941 846 1014 mittant;
871 959 997 1022 sperare
1021 957 1078 1023 pro
1108 940 1176 1004 eius
1207 939 1349 1016 iustitia,
1381 959 1456 1022 quae

232 1049 391 1133 petierint,
414 1049 651 1130 impetraturos,

177 1159 220 1220 42
322 1155 370 1219 Ab
393 1155 454 1218 hac
478 1172 534 1236 spe
557 1153 678 1236 repulsi
701 1152 810 1217 Nervii
833 1153 916 1217 vello
940 1153 1058 1236 pedum
1087 1153 1134 1216 IX
1165 1154 1197 1216 et
1226 1152 1314 1217 fossa
1344 1151 1457 1234 pedum

206 1261 293 1326 aXV
317 1261 450 1325 hiberna
474 1261 614 1341 cingunt.
659 1259 748 1324 Haec
772 1262 803 1324 et
826 1260 1026 1342 superiorum
1049 1278 1204 1324 annorum
1232 1258 1457 1323 consuetudine

234 1368 273 1432 ab
296 1367 387 1431 nobis
411 1368 624 1448 cognoverant
648 1368 681 1429 et
705 1366 861 1448 quosdam
885 1367 924 1431 de
949 1367 1088 1430 exercitu
1111 1366 1274 1430 habehant
1304 1366 1457 1448 captives:

207 1475 273 1538 aab
296 1473 346 1536 his
371 1473 580 1546 decedentum
604 1473 661 1537 sed
683 1474 773 1537 nulla
795 1473 1061 1538 ferramentorum
1084 1473 1182 1556 copie,
1206 1491 1289 1554 qnae
1313 1475 1401 1536 esset
1423 1471 1458 1534 ad

233 1580 319 1643 hunc
342 1598 436 1643 usum
452 1579 574 1656 idonea,
598 1579 712 1661 gladiis
729 1580 883 1662 caespites
900 1579 1133 1657 circumcidere,
1156 1579 1305 1643 manibus
1327 1579 1459 1661 sagulis-

207 1705 296 1768 4que
320 1688 440 1750 terram
464 1686 629 1750 exhaurire
654 1687 856 1768 cogebantur.
907 1685 978 1765 Qua
1007 1686 1136 1768 quidem
1165 1705 1203 1749 ex
1232 1705 1266 1750 re
1295 1687 1458 1751 hominum

233 1792 406 1858 multitudo
430 1793 575 1874 cognosci
598 1793 720 1874 potuit;
743 1811 820 1856 nam
850 1793 956 1857 minus
988 1793 1072 1856 horis
1103 1793 1212 1856 tribus
1233 1792 1358 1856 milium
1392 1811 1459 1875 pas·

208 1917 329 1963 esuum
353 1900 452 1964 trium
467 1900 500 1962 in
516 1899 651 1962 circuitu
664 1892 878 1963 'munitionem
895 1899 1111 1982 perfecerunt3
1135 1900 1332 1980 reliquisque
1349 1899 1457 1963 diebus

232 2009 337 2070 turres
362 2005 402 2070 ad
426 2005 628 2070 altitudinem
644 2006 728 2082 valli,
751 2005 849 2070 falces
865 2005 1116 2087 testudinesque,
1141 2024 1220 2087 quas
1241 2004 1324 2069 idem
1344 2006 1458 2089 captivi

233 2112 414 2190 docuerant,
437 2129 549 2195 parare
574 2131 610 2176 ac
633 2112 735 2178 facere
760 2115 939 2195 coeperunt.

307 2337 329 2378 a.
350 2325 413 2378 iicet
427 2326 479 2378 tihi
490 2341 542 2393 per
557 2343 596 2380 ree
610 2325 743 2380 incolumi
758 2323 906 2392 discedere]
926 2325 1134 2392 „meinetwogen
1153 2327 1242 2392 maget
1256 2324 1292 2376 du
1307 2325 1460 2377 unversehrt

234 2412 391 2467 abziohen“.
410 2444 444 2452 -
464 2415 524 2468 eirae
542 2414 628 2480 metu]
648 2413 744 2466 driiche
764 2413 847 2466 durch
865 2413 907 2466 ein
927 2413 1049 2481 Adjcktiv
1068 2415 1129 2466 aus!

307 2514 318 2552 r
340 2519 363 2554 o.
385 2513 408 2556 a.
428 2501 517 2570 modo]
537 2502 621 2556 salton
640 2502 682 2555 bei
695 2519 778 2556 eece.
798 2531 831 2540 —
852 2501 887 2556 ub
902 2502 987 2556 urreis
1000 2501 1148 2569 discedere]
1168 2501 1233 2568 „die
1248 2501 1348 2554 Waffen
1362 2501 1459 2554 niedar·

233 2590 340 2658 legan“.
369 2620 403 2628 -
431 2606 459 2644 ee
484 2591 614 2646 adiutore
638 2590 767 2657 utuntur]
791 2591 897 2644 enthiilt
915 2591 942 2644 in
960 2590 1038 2644 Fcrm
1056 2591 1127 2644 einer
1145 2590 1338 2658 Auffordenmg
1356 2589 1399 2643 die
1417 2589 1460 2642 Er·

233 2679 347 2748 hllirung
365 2678 478 2746 Ciceros,
497 2679 555 2733 deis
573 2697 602 2732 er
620 2679 690 2733 donn
709 2680 760 2732 mit
777 2679 857 2734 ihnen
875 2680 903 2732 in
922 2679 1110 2747 Verhandlung
1130 2681 1216 2733 trcten
1236 2679 1323 2744 wolle;
1346 2679 1459 2733 adiutor

233 2767 300 2838 Kap.
319 2769 362 2835 38,
381 2769 408 2822 4.
426 2797 460 2806 -
479 2767 602 2836 sperare]
621 2768 721 2822 lautcte
736 2767 823 2822 direlrt
836 2784 923 2837 spero.
939 2799 972 2806 -
987 2769 1053 2836 pre]
1074 2769 1170 2835 ‚,bei“.
1186 2797 1219 2806 -·
1235 2784 1306 2836 quae
1320 2767 1458 2834 petierint]

234 2855 294 2912 Anl.
313 2859 345 2912 A.
366 2886 398 2895 —
418 2857 576 2926 terpsicore]
596 2856 642 2923 IV,
661 2858 686 2924 9,
705 2857 731 2910 2.

305 2945 384 3014 Kap.
405 2945 454 3001 42.
487 2958 508 2998 1.
527 2946 563 2998 ab
582 2946 634 3000 hee
652 2961 699 3014 spe
716 2946 845 3013 repulsus
862 2945 934 3014 auru]
954 2946 1002 3013 „in
1017 2945 1102 2998 dieser
1114 2945 1250 3013 Heffnung
1262 2946 1324 2998 eche
1338 2945 1381 2998 ich
1395 2945 1459 2998 mich

234 3034 407 3102 getiuscht“.
420 3065 452 3072 -
465 3034 569 3104 pedum
583 3034 639 3100 lX,
649 3034 755 3103 pedum
769 3034 842 3102 XV]
857 3035 898 3088 Im
907 3035 1058 3089 Deutschen
1072 3039 1180 3102 erginze
1195 3034 1241 3088 das
1256 3034 1459 3104 cntsprechande

235 3121 371 3192 Adjclrtiv!
409 3123 456 3176 Bai
476 3122 534 3176 dem
554 3121 658 3177 Greben
676 3123 787 3176 handalt
805 3141 833 3176 ea
852 3124 907 3177 sich
927 3141 971 3176 um
990 3123 1031 3176 die
1049 3123 1147 3177 Breite.

291 3223 314 3264 2.
333 3217 359 3264 et
441 3212 477 3279 et]
496 3211 561 3282 Kap.
581 3213 605 3278 3,
626 3212 651 3266 5.
672 3241 705 3250 -
725 3213 906 3280 cousuetudo]
925 3213 1076 3266 bezeichnet
1093 3212 1144 3266 den
1162 3212 1281 3266 Verlrehr
1295 3213 1342 3266 der
1355 3213 1459 3266 Nerrier

235 3299 285 3352 mit
308 3297 358 3351 den
376 3299 497 3354 Rdmern.
526 3330 558 3339 -
587 3301 636 3354 hoe
661 3302 709 3355 oba
736 3307 760 3354 te
786 3301 910 3370 coerceri]
939 3301 1010 3368 „dae
1028 3301 1095 3354 habe
1119 3301 1162 3354 ich
1181 3301 1222 3354 dir
1241 3302 1409 3371 abgclcrnt“.
1429 3331 1458 3339 -

235 3385 368 3457 quosdam
383 3388 415 3441 de
434 3388 566 3456 eeercitu]
585 3389 689 3443 bezieht
707 3389 762 3442 sich
781 3390 828 3443 auf
842 3391 958 3458 gennae,
978 3391 1079 3444 damula
1097 3391 1227 3446 bekannte
1246 3390 1336 3459 iente,
1361 3392 1408 3445 auf
1422 3391 1459 3443 die

236 3473 318 3528 Cicer
335 3474 464 3543 hinweist,
483 3477 549 3530 ohne
568 3477 605 3530 sie
624 3477 686 3531 aber
705 3477 746 3530 fiir
765 3495 814 3531 uns
833 3479 915 3532 nihcr
934 3496 965 3533 zu
983 3480 1145 3534 bezeichnen.

311 3575 333 3616 a.
353 3565 433 3618 uuile
458 3570 498 3618 eei
521 3565 750 3631 ferramentorum
775 3566 868 3635 copie]
897 3585 946 3634 „es
964 3568 1032 3622 fehlt
1049 3585 1083 3622 an
1101 3569 1219 3622 eisarnen
1239 3567 1394 3634 Garitcn“;
1422 3569 1459 3620 die

230 3641 374 3706 'absoluten
393 3652 513 3707 Ablative
532 3654 624 3708 stehen
642 3655 669 3708 in
688 3655 822 3710 heredem
836 3655 908 3710 Siun.
928 3686 961 3695 -
980 3673 1051 3724 quae
1130 3656 1208 3724 esaei]
1226 3657 1303 3710 Nach
1316 3658 1460 3726 negativam

237 3741 313 3794 Satze
333 3743 419 3793 setzen
438 3741 494 3794 wir
512 3743 539 3795 in
558 3742 661 3796 solchcn
680 3744 875 3799 Relativsiitzan
893 3745 968 3798 einen
986 3731 1105 3799 anderen
1117 3731 1289 3814 Konjunktiv.
1319 3775 1353 3784 —
1384 3745 1459 3812 uoce]

236 3829 283 3896 IV,
311 3830 358 3896 25,
388 3831 412 3884 1.
446 3859 478 3868 —
510 3833 640 3900 caespites
667 3833 872 3901 circumcidere]
903 3834 940 3887 ist
967 3834 1082 3888 sachh'eh
1113 3833 1188 3886 nicht
1219 3835 1387 3888 verschieden
1415 3851 1460 3886 ren

238 3919 443 3988 „Rasenpatzen
461 3921 584 3986 (striche)
609 3921 798 3975 euastaehen“.
829 3951 861 3960 -
889 3923 997 3992 capulis
1015 3928 1117 3977 terram
1135 3923 1295 3990 erchewrire]
1314 3923 1399 3977 Wenn
1417 3923 1461 3975 wir

238 4007 493 4075 „herausachaffen“
509 4010 668 4073 libersetzcn,
684 4027 713 4064 so
728 4010 873 4064 schwindet
887 4011 928 4064 dic
942 4010 1027 4064 Hirta
1042 4011 1086 4064 des
1100 4011 1273 4065 lateinischen
1288 4012 1460 4076 Ausdruclres,

238 4096 280 4150 die
298 4094 379 4150 werin
397 4097 523 4151 besteht?

252 4245 254 4248 ¹
278 4241 281 4248 ,
311 4197 324 4237 4
345 4203 369 4236 u.
391 4199 414 4240 a.
433 4187 552 4256 quidem]
574 4189 640 4258 Kap.
660 4189 702 4255 29,
723 4189 747 4242 l.
767 4214 800 4224 -
820 4189 912 4244 miuus
930 4189 1006 4244 horis
1026 4189 1124 4256 craece]
1144 4189 1182 4242 Zu
1199 4189 1294 4244 miuus
1312 4192 1356 4257 (=
1368 4189 1461 4256 „nicht

237 4275 338 4344 gann“)
366 4275 417 4344 vgl.
443 4293 475 4330 zu
494 4278 621 4346 ,ampliora
636 4277 683 4344 IV,
705 4278 750 4344 ll,
770 4278 794 4331 1.
822 4306 856 4316 -
885 4277 1126 4332 caecitudinem
1150 4279 1229 4346 eada]
1256 4278 1307 4332 Dia
1325 4278 1400 4333 Hdhe
1419 4279 1462 4330 der

237 4363 332 4418 Tlirme
350 4364 448 4418 museto
467 4351 503 4418 im
521 4365 675 4419 Verhdltnia
695 4382 741 4419 zur
758 4364 833 4420 Hdhe
852 4365 898 4420 des
916 4366 1062 4422 rimischen
1081 4367 1180 4420 Wallea
1199 4367 1300 4422 stehen.
1330 4397 1363 4406 -
1390 4368 1462 4422 ideae
