3172 4922
251 329 288 389 84
745 329 785 384 De
802 330 870 384 bello
889 328 989 385 Gallico

253 493 379 576 partem
403 487 470 556 eius
494 491 554 556 vici
578 491 680 556 Gallis
705 491 745 556 ad
767 491 974 555 hiemandum
997 491 1162 568 concessit,
1185 492 1320 555 alteram
1343 508 1483 555 vacuam

255 600 296 663 ab
318 599 368 662 his
392 599 537 663 relictam
560 597 741 663 cohortibus
765 597 921 662 attribuit.
966 598 1050 662 Eum
1080 599 1185 662 locum
1216 597 1300 662 vallo
1330 596 1486 679 fossaque

254 705 399 771 munivit.

221 815 243 876 2
343 810 426 877 (lum
447 811 516 876 dies
539 811 744 875 hibernorum
776 811 953 894 complures
983 810 1189 886 transissent,
1218 809 1487 891 frumentumque

254 937 290 983 eo
313 918 504 1001 comportari
526 917 689 994 iussisset,
713 917 819 981 subito
841 935 898 1000 per
921 916 1135 999 exploratores
1159 916 1274 981 certior
1296 915 1401 980 factus
1432 917 1488 981 est

254 1043 292 1090 ex
315 1043 353 1090 ea
375 1026 466 1108 parte
489 1024 559 1101 vici,
584 1042 680 1105 quam
698 1022 798 1087 Gallis
820 1025 1028 1099 concesserat,
1051 1041 1160 1087 omnes
1176 1024 1273 1086 noctu
1289 1021 1487 1099 discessisse,

253 1132 452 1213 montesque,
476 1130 531 1211 qui
553 1129 782 1214 impenderent,
807 1149 825 1198 a
848 1130 988 1194 maxima
1008 1128 1214 1194 multitudine
1232 1127 1434 1193 Sedunorum
1451 1131 1489 1193 et

229 1237 471 1319 nVeragrorum
494 1237 605 1300 teneri.
635 1236 674 1300 Id
698 1234 820 1317 aliquot
843 1235 881 1300 de
905 1235 1010 1300 causis
1032 1235 1198 1312 acciderat,
1221 1236 1259 1297 ut
1275 1235 1379 1299 subito
1397 1233 1486 1320 Galli

229 1343 329 1408 ebelli
352 1341 524 1406 renovandi
547 1342 742 1424 legionisque
766 1341 989 1425 opprimendae
1021 1341 1189 1406 consilium
1220 1343 1387 1424 caperent:
1418 1342 1487 1424 pri-

253 1469 352 1527 mum,
376 1448 461 1531 quod
483 1447 640 1529 legionem
662 1465 765 1528 neque
790 1465 860 1512 eam
883 1447 1102 1530 plenissimam
1125 1446 1276 1512 detractis
1301 1447 1488 1512 cohortibus

255 1555 379 1619 duabus
404 1556 437 1618 et
460 1553 673 1637 compluribus
698 1553 898 1635 singillatim,
930 1553 984 1635 qui
1008 1555 1203 1618 commeatus
1227 1553 1355 1637 petendi
1385 1571 1490 1618 causa
1581 1639 1582 1646 ἵ

228 1661 345 1752 emissi
373 1662 479 1738 erant,
508 1662 637 1743 propter
666 1659 862 1743 paucitatem
893 1659 1124 1742 despiciebant;
1154 1661 1226 1724 tum
1256 1659 1368 1736 etiam,
1398 1660 1486 1749 quod
1581 1647 1582 1652 ’

253 1769 382 1852 propter
411 1766 616 1847 iniquitatem
646 1765 721 1842 loci,
749 1785 822 1830 cum
845 1765 907 1849 ipsi
930 1783 967 1830 ex
990 1765 1151 1830 montibus
1174 1766 1347 1830 invallem
1370 1764 1489 1854 decur-
1581 1845 1582 1850 ἵ

254 1875 361 1939 retent
385 1874 417 1938 et
439 1872 505 1937 tela
529 1873 716 1950 conicerent,
738 1891 778 1936 ne
802 1872 941 1954 primum
958 1872 1086 1954 quidem
1106 1879 1198 1956 posse
1214 1873 1370 1954 impetum
1387 1858 1486 1936 suurn

229 1979 407 2045 osustineri
430 1979 663 2044 existimabant.
709 1979 903 2056 Accedebat,
934 1979 1018 2060 quod
1048 1997 1127 2042 suos
1152 1979 1191 2043 ab
1223 1973 1256 2043 se
1285 1979 1400 2042 hberos
1429 1979 1487 2044 ab·
1581 2029 1582 2032 η

255 2087 390 2151 stractus
414 2085 560 2151 obsidum
582 2085 709 2164 nomine
732 2085 897 2162 dolebant,
928 2087 960 2149 et
982 2085 1142 2149 Romanos
1173 2103 1235 2150 non
1264 2087 1367 2150 solum
1390 2085 1488 2150 itine-

255 2212 328 2258 rum
361 2211 473 2270 causa,
508 2191 563 2256 sed
599 2191 697 2256 etiam
730 2193 902 2274 perpetuae
937 2191 1144 2275 possessionis
1180 2192 1320 2257 culmina
1351 2192 1485 2275 Alpium

256 2317 410 2383 occupare
441 2298 547 2363 conari
582 2299 614 2362 et
649 2317 686 2362 ea
719 2299 789 2362 loca
816 2297 970 2362 finitimae
1005 2298 1184 2382 provinciae
1216 2299 1388 2380 adiungere
1424 2298 1486 2364 sibi

254 2424 446 2490 persuasum
468 2404 638 2468 habebunt.

328 2648 352 2690 o.
371 2635 411 2689 ad
428 2633 617 2703 hemmam]
635 2633 677 2686 Da
696 2633 737 2687 die
755 2633 812 2688 eino
825 2633 917 2688 Hdlfte
935 2633 982 2688 der
996 2631 1095 2688 Gallier
1112 2633 1155 2688 bei
1173 2634 1219 2688 der
1233 2633 1347 2688 anderen
1359 2633 1487 2688 wdhrend

255 2725 301 2778 des
318 2723 437 2778 Winters
455 2723 483 2776 in
501 2719 725 2792 Finquartierung
743 2722 801 2791 lag,
827 2737 857 2776 so
881 2722 919 2776 ist
942 2722 1062 2800 hiemare
1085 2722 1112 2776 in
1136 2722 1221 2776 seiner
1239 2721 1488 2792 Grundbedeutung

230 2889 231 2892 Ἴ
254 2830 287 2867 zu
304 2813 424 2868 nehmen.
443 2841 479 2851 —
496 2809 650 2880 comedere]
670 2811 873 2878 „iiberlassen“.
892 2841 928 2851 —
945 2828 1065 2866 caccum
1082 2811 1247 2882 reddetquerc]
1267 2812 1428 2878 „raumen“.

325 2919 404 2988 Καρ.
429 2917 458 2972 2.
500 2931 521 2972 ι.
546 2917 735 2985 hibernorum]
763 2917 820 2985 „im
847 2917 1115 2988 Winterquartiere“.
1143 2949 1176 2956 —
1205 2919 1255 2988 qui
1280 2917 1488 2988 desponderent}

253 3009 276 3078 I,
296 3006 612 3076 e,1undhn1.B.-
632 3005 832 3074 temrt]1,22,
852 3007 877 3060 1.

328 3101 353 3152 2.
370 3097 469 3151 bellom
486 3094 629 3163 reuocare]
648 3094 764 3163 „wieder
781 3095 863 3166 Krieg
880 3095 1040 3164 aniangen“.
1060 3121 1093 3132 —·
1112 3095 1259 3150 conditum
1276 3095 1385 3165 capere]
1411 3137 1427 3164 „
1433 3094 1486 3151 den

253 3183 409 3242 Entsohluls
428 3185 523 3251 fassen,
543 3183 599 3238 sich
617 3182 832 3238 entschlielsen“.

328 3285 351 3328 a.
370 3287 457 3342 mque
473 3289 534 3327 cam
547 3271 749 3342 plenissimam]
768 3295 804 3317 -=
822 3277 904 3342 atquc
922 3287 982 3327 cam
995 3288 1054 3332 occa
1063 3273 1119 3341 μὴ
1139 3272 1204 3340 „dio
1217 3271 1293 3326 nieht
1306 3272 1403 3328 dnmal
1415 3289 1486 3342 ganz

254 3361 395 3430 vollzihlig
412 3361 496 3414 war“.
515 3390 549 3399 —
568 3360 713 3428 detractis]
732 3359 802 3428 (Anl.
821 3359 873 3427 K¹)
890 3361 985 3430 gehbrt
1003 3361 1070 3415 auch
1087 3365 1121 3414 zu
1138 3361 1330 3431 conpluribus.
1355 3389 1390 3400 —
1413 3376 1483 3416 com

254 3456 361 3505 meatus
375 3448 490 3520 petendi
508 3448 607 3518 canosa]
632 3449 721 3516 „nach
738 3449 900 3516 Proviant“;
925 3449 1140 3504 wahrsoheinlich
1159 3467 1191 3503 zu
1208 3449 1259 3504 den
1277 3448 1485 3505 umwohnenden

253 3538 484 3605 Vblhersohaftcn‚
503 3537 599 3591 welche
618 3554 650 3592 zu
667 3537 837 3606 Lielerungen
855 3538 1050 3607 herangezogen
1068 3538 1183 3606 uurden'.
1201 3561 1238 3583 =
1252 3537 1400 3608 paucitas]
1419 3553 1486 3606 „ge-

255 3629 330 3696 ringe
348 3625 473 3680 Sternet

329 3727 352 3770 5.
367 3719 485 3785 propter
502 3713 679 3783 iniquitatem
697 3715 761 3782 loco]
779 3714 993 3785 („Ungleichheit
1010 3715 1057 3770 der
1074 3714 1228 3785 Stellung“)
1246 3715 1341 3785 gehdrt
1357 3715 1433 3770 nicht
1452 3733 1486 3769 zu

254 3804 509 3862 existimabant-
526 3802 659 3872 potonem]
678 3802 810 3872 hdjclrtiv.
1080 3822 1085 3834 ·

328 3906 352 3948 s.
377 3891 508 3946 Verbinde
533 3891 696 3958 accedebat,
723 3891 797 3961 quod
898 3891 1029 3949 dolebam
1051 3898 1076 3948 et
1163 3893 1217 3948 ochi
1238 3894 1303 3961 (was
1327 3891 1408 3947 wider
1433 3892 1485 3947 den

255 3980 486 4054 Sprachgebrauoh
513 3979 588 4035 dabei
616 3980 701 4046 steht)
727 3996 891 4048 permeans
918 3981 1064 4036 habebant.
1109 3981 1231 4050 accedit,
1259 3980 1335 4052 quod
1361 3981 1424 4036 oder
1449 3986 1486 4036 ot

253 4069 344 4148 haufig
370 4068 412 4122 ihr
441 4068 639 4137 „aulserdem“.
669 4098 704 4109 -
731 4069 856 4126 obsim
884 4069 1007 4138 nomm]
1034 4071 1144 4125 nemim
1170 4070 1245 4125 diem
1269 4071 1317 4124 wie
1344 4070 1404 4126 loco
1428 4069 1486 4124 und

252 4174 368 4214 numero
394 4157 474 4225 daem
498 4157 546 4212 das
571 4157 735 4229 pridikativc
754 4158 837 4226 „als“
857 4175 889 4212 zu
906 4161 1033 4214 ersetzen.
1059 4184 1095 4198 -
1119 4158 1227 4228 cotton]
1246 4158 1278 4226 (I,
1298 4158 1486 4228 7,1)gehort

143 4299 149 4311 ,
251 4248 329 4314 nicht
351 4263 403 4310 nur
427 4264 460 4301 zu
482 4263 628 4320 occupare,
651 4275 685 4286 —
709 4247 845 4314 finiam
865 4246 1041 4318 procinctae]
1066 4247 1105 4301 ist
1127 4248 1203 4302 nicht
1227 4245 1346 4303 Genetiv.
1371 4275 1407 4288 -·
1433 4247 1487 4302 ad·

248 4335 487 4407 immortalitate]
505 4335 676 4405 „vereinigen
693 4335 752 4404 mit,
770 4336 974 4392 einrerleiben“.
