3086 4920
173 341 178 360 ⁵
234 369 289 432 202
726 372 766 426 De
784 373 853 426 bello
871 371 971 427 Gallioo

210 536 302 600 sHos
326 535 373 598 illi
396 534 563 616 diligenter
584 533 775 597 tuebantur:
806 533 853 597 ita
876 535 908 596 et
930 551 1045 598 novam
1074 535 1106 597 et
1134 535 1265 615 repente
1298 535 1465 598 collectam

210 643 460 708 sanetoritatem
483 641 644 704 tenebant.
679 639 725 704 Eo
748 641 819 704 tum
843 641 1004 708 staturos
1029 641 1107 717 erat,
1130 641 1167 704 ut
1189 640 1283 721 longe
1306 640 1464 722 principes

236 748 430 812 haberentur
451 746 587 824 Haedui,
610 746 787 810 seeundum
810 747 915 810 loeum
938 745 1103 828 dignitatis
1126 746 1220 810 Remi
1244 746 1435 810 obtinerent.

184 857 226 919 le
325 853 363 917 Iu
385 853 471 917 omui
487 851 591 917 Gallia
612 870 722 916 eorum
741 853 915 929 homiuum,
932 852 986 934 qui
1003 853 1109 934 aliquo
1126 853 1202 916 suut
1217 871 1351 916 numero
1367 855 1465 934 atque

236 961 369 1036 honore,
393 977 511 1040 genero
534 960 610 1022 sunt
633 957 704 1022 duo.
750 959 834 1022 Nam
863 959 971 1041 plebes
1001 977 1101 1040 paene
1132 977 1298 1022 servorum
1327 958 1466 1023 habetur

213 1068 320 1144 sloeo,
345 1084 426 1146 quae
450 1064 530 1128 nihil
553 1064 651 1130 audet
673 1083 729 1147 per
753 1066 906 1142 seualle
931 1064 1100 1130 adhibetur
1123 1065 1261 1129 oonsilio.
1306 1065 1467 1147 Plerique,

238 1191 311 1236 oum
335 1173 392 1236 aut
415 1189 486 1236 aere
511 1171 612 1236 alieno
638 1173 695 1235 aut
717 1171 937 1253 maguitudino
961 1171 1155 1236 tributorum
1179 1174 1236 1235 aut
1266 1171 1383 1234 iniuria
1413 1190 1468 1253 po·

212 1279 414 1344 utendorum
437 1278 635 1360 premuntur,
660 1295 728 1342 sese
752 1277 786 1340 iu
809 1277 997 1341 servitutem
1020 1277 1127 1340 dieunt
1149 1277 1317 1340 nobilibus.
1364 1277 1411 1340 Iis
1434 1277 1467 1340 in

237 1386 295 1449 hos
320 1383 432 1448 eadem
454 1384 560 1448 omnia
583 1385 659 1448 sunt
681 1383 761 1460 iura,
785 1401 866 1464 quae
890 1383 1026 1447 dominis
1049 1383 1082 1446 in
1106 1401 1222 1448 servos.
1267 1383 1329 1448 Sed
1354 1383 1393 1448 de
1417 1384 1468 1448 his

212 1491 362 1555 iduobus
386 1491 552 1572 generibus
577 1491 714 1554 alterum
738 1492 788 1554 est
810 1489 973 1566 druidum,
998 1490 1134 1554 alterum
1158 1489 1311 1571 equitum.
1341 1489 1396 1554 Illi
1419 1509 1469 1554 re·

238 1599 298 1661 bus
322 1596 435 1660 divinis
461 1597 630 1673 intersunt,
655 1595 808 1660 saorifioia
830 1596 956 1679 publiea
980 1615 1017 1660 ae
1040 1597 1164 1679 private
1186 1597 1371 1678 proourant,
1394 1597 1469 1660 reli-

239 1705 347 1785 giones
371 1703 641 1794 interpretantur,
666 1702 707 1766 ad
729 1703 786 1766 hos
809 1721 945 1783 magnus
970 1701 1222 1766 adulescentium
1245 1721 1401 1766 numerus
1423 1702 1470 1766 di·

240 1800 390 1893 sciplinae
425 1827 522 1873 eausa
556 1808 730 1884 eoneurrit,
764 1826 942 1889 magnoque
972 1808 1006 1872 hi
1036 1811 1112 1873 suut
1140 1809 1225 1891 opud
1258 1827 1309 1872 eos
1339 1809 1468 1873 honore.

214 1915 325 1979 sNam
347 1914 413 1979 fere
437 1915 475 1979 de
497 1914 642 1979 omnibus
659 1915 878 1979 controversiis
895 1914 1030 1997 publiois
1045 1915 1240 1997 privatisque
1258 1915 1468 1992 eonstituuut,

241 2023 282 2098 et,
306 2023 333 2085 si
355 2020 437 2102 quod
461 2023 511 2085 est
534 2020 709 2085 admissum
729 2019 860 2098 facisne,
885 2021 912 2084 si
932 2020 1044 2085 euodes
1066 2019 1159 2098 faeta,
1183 2020 1210 2084 si
1224 2021 1265 2086 de
1281 2021 1468 2098 hereditate,

241 2128 279 2192 de
302 2127 418 2191 finibus
450 2127 663 2191 ooutroversia
692 2128 756 2203 est,
785 2127 869 2191 idem
893 2127 1083 2201 doeemunt3
1112 2127 1256 2209 praemia
1285 2145 1467 2209 poenosque

214 2235 449 2298 ooonstituunt.
497 2233 530 2297 Si
554 2233 609 2315 qui
633 2235 691 2296 aut
713 2233 857 2315 privatus
881 2235 937 2296 aut
959 2233 1096 2315 populus
1120 2252 1231 2298 eorum
1253 2233 1381 2298 deoreto
1403 2253 1467 2298 uon

241 2341 340 2417 steht,
365 2339 525 2404 saorifielis
549 2339 751 2403 interdicunt.
781 2338 870 2404 Haeo
884 2357 994 2421 ¹poena
1018 2339 1102 2421 apud
1126 2357 1179 2402 eos
1203 2340 1253 2402 est
1269 2341 1467 2421 gravissima

214 2446 364 2525 rQuibus
388 2447 434 2510 ite
457 2447 507 2510 est
528 2445 748 2521 interdiotum,
775 2445 809 2509 hi
831 2463 962 2509 numero
986 2445 1157 2528 impiorum
1180 2463 1217 2510 ao
1241 2447 1467 2510 sceleratorum

241 2555 407 2629 habentur,
431 2553 480 2616 his
504 2571 612 2616 omues
637 2551 802 2628 decedunt,
826 2551 959 2616 aditum·
970 2569 1210 2636 sermonemque
1228 2551 1404 2634 defugiunt,
1427 2571 1466 2616 ne

315 2793 328 2837 8
344 2800 367 2834 u.
385 2793 409 2835 s.
429 2780 584 2849 obliterator]
602 2778 663 2834 Aul.
678 2781 710 2834 X.
731 2809 763 2818 -
783 2779 883 2849 tmere]
902 2779 947 2847 IV,
962 2780 1005 2847 22,
1021 2781 1038 2833 6
1052 2797 1076 2833 u.
1091 2780 1151 2833 Aul.
1167 2777 1217 2834 Nl.
1237 2810 1271 2819 -
1290 2795 1320 2836 so
1337 2785 1415 2836 staro

242 2870 316 2939 erat]
334 2868 425 2923 Nimm
444 2869 491 2922 dss
509 2868 624 2922 einlaohe
642 2869 756 2922 Verbum
776 2870 846 2922 stott
864 2867 910 2921 der
927 2867 1040 2921 Phrase!
1061 2897 1094 2906 -
1113 2867 1221 2936 bobert]
1240 2885 1261 2922 s.
1280 2868 1325 2936 IV,
1343 2870 1369 2935 2,
1386 2868 1411 2922 4.
1456 2923 1459 2928 ,

315 2957 392 3025 hap.
415 2956 465 3012 13.
507 2969 528 3011 1.
548 2957 643 3028 otique
662 2973 776 3012 numero
794 2957 860 3024 esse]
885 2955 1107 3025 „einigermelsen
1126 2954 1244 3025 Goltuug
1262 2957 1361 3024 baben,
1384 2960 1462 3011 etwas

244 3064 274 3100 zn
293 3045 423 3099 bedenten
441 3045 558 3099 haben“.
578 3075 611 3084 -
629 3045 727 3113 oenus]
746 3045 820 3098 nieht
835 3043 942 3111 „Art“l
964 3073 997 3083 —
1017 3045 1084 3111 loeo]
1098 3044 1130 3111 V,
1144 3045 1169 3111 5,
1184 3046 1209 3098 4.
1226 3074 1259 3083 —
1275 3061 1327 3114 per
1345 3047 1381 3113 se]
1400 3044 1463 3112 „auf

241 3135 332 3203 eigene
347 3133 456 3188 Hand“.
472 3165 505 3174 -
524 3133 613 3200 nullo]
633 3133 703 3186 mals
721 3133 831 3186 weloher
848 3132 934 3186 Kosus
954 3132 1032 3186 sein?

316 3215 339 3277 a.
360 3239 405 3278 aes
420 3223 552 3289 alionum]
571 3221 625 3275 Fur
644 3221 816 3289 „Sohulden“
835 3222 884 3275 hat
898 3221 943 3275 der
956 3221 1079 3275 Lateiner
1092 3222 1152 3275 kein
1165 3221 1321 3276 besonderes
1333 3221 1414 3274 Wort.
1429 3248 1458 3256 -

242 3311 408 3382 maestitudo
426 3311 603 3378 tributorum]
623 3310 681 3363 Wir
699 3310 824 3380 spreohen
844 3311 918 3364 nieht
935 3327 984 3363 von
1003 3310 1049 3363 der
1068 3307 1203 3377 „Grblse“
1224 3309 1271 3363 der
1288 3310 1414 3378 Abgabeu.
1428 3336 1457 3344 —

239 3399 361 3468 premor]
380 3400 424 3467 IV,
445 3401 469 3466 1,
488 3401 512 3454 2.

316 3501 339 3541 4.
359 3503 401 3542 res
416 3488 537 3555 divinoe]
552 3487 605 3540 Fur
620 3485 846 3555 „Gottesdieust“
861 3488 910 3540 hat
919 3487 966 3540 der
975 3487 1096 3541 Lateiner
1105 3487 1165 3542 hein
1174 3487 1329 3542 bosonderes
1338 3487 1416 3540 Wort.
1427 3513 1454 3522 ·-

240 3577 379 3631 totamm
392 3576 445 3644 ret]
460 3577 523 3643 „ioh
536 3577 581 3631 bin
594 3576 635 3629 bei
646 3578 726 3629 etwas
737 3575 854 3644 metm&
870 3603 902 3612 -
918 3576 1059 3642 sacrificia
1070 3575 1195 3644 moola]
1210 3575 1270 3630 sind
1279 3574 1402 3646 Opleridr
1410 3573 1455 3626 eiu·

244 3665 323 3718 zelne.
339 3695 372 3702 -
387 3665 531 3734 roliqloooe
543 3663 782 3734 intepretaretur]
798 3665 856 3732 „sie
870 3665 978 3718 erteilen
988 3664 1123 3718 Auskunft
1134 3664 1163 3717 iu
1172 3663 1275 3718 Saohen
1287 3665 1332 3718 der
1340 3663 1453 3730 Religion,

243 3753 290 3806 des
300 3751 463 3808 Glaubens“.
474 3781 506 3790 —
519 3753 682 3822 disciplina]
694 3753 721 3817 1)
731 3753 799 3820 „der
807 3753 969 3820 Untorrioht,
981 3753 1022 3806 die
1031 3751 1230 3821 Ausbildung“;
1246 3753 1274 3818 2)
1284 3795 1299 3820 „
1307 3753 1347 3809 die
1355 3750 1453 3804 Iohre“.

318 3855 340 3896 o.
360 3840 430 3908 sere]
448 3840 480 3908 V,
495 3842 537 3908 12,
551 3843 577 3896 3.
597 3871 631 3880 -
651 3841 837 3909 oooutitauat]
855 3841 915 3895 Aul.
928 3841 960 3894 U.
980 3870 1013 3879 —
1033 3839 1116 3908 idem]
1135 3841 1190 3894 Der
1206 3840 1328 3894 Iateiuer
1344 3840 1403 3894 hebt
1419 3836 1454 3890 dio

244 3929 395 3985 Gleiohheit
420 3930 466 3983 der
483 3929 581 3985 Person
607 3930 711 3996 hervor,
736 3930 784 3984 wir
808 3930 939 3984 erreiohen
964 3929 1102 3983 denselben
1127 3927 1191 3982 sinn
1216 3925 1298 3984 duroh
1324 3925 1452 3996 „zugleioh

245 4019 347 4085 wieder,
365 4017 546 4087 gleiohialls“;
567 4035 587 4072 s.
606 4018 672 4089 Kap.
692 4019 718 4086 l,
737 4017 763 4072 5.

318 4120 341 4162 6.
365 4112 439 4162 nore
462 4107 516 4174 (ior)
540 4106 578 4176 re]
605 4108 668 4175 „bei
687 4109 768 4160 etwas
785 4107 925 4174 beharren,
953 4106 1009 4160 sioh
1025 4105 1101 4166 dabei
1121 4105 1276 4174 beruhigeu,
1302 4105 1356 4159 siah
1377 4100 1452 4156 dureiu

185 4256 186 4260 ἵ
245 4197 358 4265 lligen“;
368 4212 418 4249 nur
427 4196 484 4250 hier
493 4196 535 4249 bei
544 4195 632 4251 Clitar.
647 4225 680 4235 —
691 4195 837 4263 sacrificiis
845 4193 1032 4262 demolierunt]
1042 4193 1077 4247 Es
1087 4194 1151 4247 wird
1162 4194 1244 4248 duroh
1254 4191 1453 4254 Auseehlielsuug

246 4302 302 4338 vom
322 4283 507 4340 Gottesdionst
524 4285 581 4338 eiue
599 4283 650 4338 Art
667 4283 852 4337 Kirohenbenn
870 4283 1007 4352 vorhdugt.

320 4386 342 4429 7.
368 4373 514 4440 decedunt]
538 4372 650 4426 ndmlieh
671 4388 718 4424 aus
737 4372 795 4425 dem
813 4371 902 4440 Wege.
927 4402 960 4411 -
985 4371 1093 4438 aditae]
1112 4370 1342 4440 ,‚Anniiheruug“.
1367 4399 1396 4408 -
1418 4367 1455 4420 ls-
