3136 4928
548 351 645 408 Comm.
664 352 736 420 VIII,
755 370 776 407 o.
797 354 910 408 14-17.
1289 350 1345 412 329

111 517 281 596 tremoque
309 518 452 596 tempore
483 512 545 578 diei
576 513 665 595 signo
694 515 900 596 pronuntiato
931 533 994 578 uno
1024 516 1167 597 tempore
1195 515 1345 580 inoende-

112 623 197 686 runt.
249 621 303 685 Ita
332 621 497 685 continens
526 619 658 688 flamma
687 621 793 704 eopias
824 639 932 686 omnes
962 624 1092 704 repente
1123 640 1142 685 a
1173 624 1369 706 conspectus

113 729 192 794 texit
207 729 435 792 Romanorum.
467 725 559 806 Quod
582 727 637 796 ubi
661 727 785 804 aooidit,
808 727 936 792 barbari
951 727 1230 792 vehementissimo
1247 737 1344 793 eursu

113 835 311 917 refugerunt.

203 941 339 1016 Caesar,
370 940 430 1005 etsi
461 938 636 1006 discessum
666 939 808 1004 hostiurn
839 938 1091 1005 animadvertere
1121 959 1184 1005 nou
1217 942 1399 1024 poteratld

112 1048 269 1114 incendiis
292 1047 462 1130 oppositis,
485 1048 594 1111 tamen
617 1045 649 1110 id
672 1046 840 1110 eonsilium
869 1065 944 1111 oum
974 1045 1068 1128 fugae
1100 1065 1198 1112 eausa
1226 1047 1344 1111 initum

111 1155 347 1238 suspicaretur,
371 1153 510 1235 legiones
532 1155 712 1236 promovet,
742 1153 866 1216 turmas
889 1153 992 1216 mitt't
1023 1153 1063 1217 ad
1092 1153 1343 1235 insequendum

111 1263 180 1346 ipse
211 1261 333 1326 veritus
362 1259 510 1337 insidias,
543 1277 584 1324 no
615 1258 695 1324 forte
725 1259 758 1322 in
789 1258 900 1324 eodem
930 1259 999 1324 loeo
1034 1260 1207 1326 subsistere
1242 1260 1343 1325 hostis

112 1371 211 1451 atque
237 1369 348 1432 elioere
378 1369 503 1432 nostros
533 1366 567 1429 in
596 1365 701 1430 loourn
732 1367 901 1430 conaretur
928 1365 1090 1448 iniquum,
1119 1366 1242 1432 tardius
1272 1384 1344 1450 pro·

111 1476 207 1542 oedit.
259 1475 394 1556 Equites
430 1491 504 1538 eum
539 1473 659 1538 intrare
694 1471 819 1537 furnum
855 1475 887 1536 et
920 1471 1085 1537 flammam
1120 1472 1369 1538 densissimama

111 1583 267 1648 timerent
290 1600 342 1659 ao,
366 1581 395 1644 si
418 1580 473 1661 qui
495 1579 640 1662 cupidius
664 1579 878 1656 intraverant,
902 1579 954 1643 vix
977 1597 1108 1644 suorum
1130 1579 1192 1662 ipsi
1221 1580 1342 1662 priores

111 1692 223 1774 partes
248 1688 538 1754 animadverterent
561 1706 725 1768 equorum,
748 1685 880 1751 iusidias
896 1686 989 1751 veriti
1005 1687 1138 1751 liberam
1153 1685 1343 1750 facultatem

113 1798 165 1862 sui
188 1795 361 1879 reeipiendi
383 1794 560 1859 Bellovacis
585 1793 750 1858 dederunt.
795 1793 847 1858 Ita
869 1793 946 1875 fuga
975 1793 1100 1858 timoris
1132 1793 1228 1857 simul
1256 1793 1368 1858 balli-s

110 1904 290 1984 ditatisque
321 1903 416 1985 plena
446 1901 513 1966 sina
544 1900 609 1964 ullo
632 1900 824 1965 detrimento
854 1900 944 1965 milia
971 1919 1035 1966 non
1066 1899 1204 1983 amplius
1234 1900 1344 1965 deoem

111 2010 276 2095 progressi
305 2009 414 2074 hostes
442 2008 510 2072 loeo
541 2007 756 2072 munitissimo
786 2010 893 2071 eastra
926 2009 1110 2090 posuerunt.
1160 2006 1239 2072 Inde
1270 2023 1367 2072 eume

110 2107 210 2201 saepe
233 2117 267 2180 in
290 2115 413 2180 insidiis
437 2115 561 2197 equites
577 2113 764 2197 peditesque
781 2112 993 2197 disponerent,
1017 2131 1135 2197 magna
1150 2113 1344 2180 detrimenta

111 2224 269 2290 Romanis
292 2223 325 2287 in
348 2222 605 2305 pabulationibus
628 2220 815 2285 inferebant.

206 2330 296 2410 Quod
327 2348 400 2394 eum
431 2329 570 2394 erebrius
601 2327 773 2404 accideret,
802 2346 840 2391 ex
872 2327 997 2410 captivo
1027 2327 1167 2409 quodam
1191 2327 1397 2412 oomperit17

111 2439 236 2506 Caesar
266 2437 434 2514 Correum,
462 2437 706 2502 Bellovacorum
736 2435 864 2511 duoem,
895 2434 1141 2499 fortissimorum
1170 2434 1259 2498 milia
1289 2453 1344 2498 sex

110 2546 261 2631 peditum
284 2544 439 2626 delegisse
463 2544 652 2626 equitesque
677 2561 714 2607 er
738 2541 824 2606 omni
846 2559 977 2605 numero
1001 2541 1104 2617 mille,
1128 2558 1207 2622 quos
1235 2540 1268 2603 in
1296 2540 1344 2603 in·

112 2653 204 2718 sidfis
228 2671 264 2716 eo
287 2652 355 2716 loeo
378 2651 562 2728 oollooaret,
588 2668 683 2731 quem
705 2649 739 2712 in
761 2648 867 2712 looum
890 2649 1019 2730 proptor
1042 2646 1167 2731 eopiam
1190 2646 1344 2711 frumenti

113 2780 152 2826 ae
175 2759 286 2844 pabuli
308 2760 469 2824 Romanos
500 2758 654 2822 missuros
686 2755 912 2838 suspicaretur.
958 2752 1027 2832 Quo
1059 2753 1183 2835 eognito
1214 2753 1368 2818 oonsilio²

111 2868 256 2950 legiones
279 2867 403 2950 plures,
427 2884 525 2947 quam
548 2864 684 2941 solebat,
708 2863 817 2927 eduoit
839 2861 1098 2944 equitatumque,
1122 2877 1186 2941 qua
1213 2878 1344 2925 eonsue-

112 2974 227 3040 tudine
250 2973 490 3057 pabulatoribus
514 2971 641 3035 mittere
665 2968 821 3053 praesidio
845 2969 1024 3045 consuerat,
1046 2967 1242 3050 praemittit3
1265 2967 1340 3032 huie

114 3083 291 3164 interponit
324 3080 441 3145 auxilia
474 3078 553 3143 levis
589 3079 787 3152 armaturam
825 3075 893 3160 ipso
929 3093 1003 3139 oum
1034 3073 1211 3156 legionibus
1247 3087 1369 3155 quams

113 3191 222 3274 potest
244 3188 381 3252 maximo
406 3186 648 3270 appropinquat.

190 3459 214 3500 o.
238 3445 382 3500 continens
398 3439 521 3512 flammo]
547 3440 625 3495 Soleh
642 3440 685 3495 oin
703 3439 962 3494 ununterbroehoner
978 3435 1121 3492 Fauorwall
1139 3435 1237 3490 konnte
1255 3437 1346 3489 nattir·

113 3536 169 3591 lioh
188 3534 230 3588 die
248 3534 428 3602 Bowegungen
448 3531 494 3586 dor
511 3530 608 3585 Feinde
627 3530 776 3598 verborgen.
796 3526 922 3598 -quod
941 3527 991 3582 ubi
1010 3524 1126 3593 accidit]
1145 3525 1183 3580 ist
1200 3525 1284 3578 dureh
1302 3525 1344 3578 oin
1415 3569 1417 3574 .

112 3624 220 3680 novera
239 3641 271 3676 zu
289 3625 420 3688 ersotzen3
439 3621 492 3689 vgl.
510 3619 571 3674 Ani.
590 3618 623 3673 K.

187 3730 265 3798 Καρ.
291 3729 341 3784 16.
387 3740 443 3782 ιιι.
464 3739 487 3782 a.
514 3724 661 3796 oppositis]
689 3724 747 3779 Wir
773 3723 876 3778 konnen
904 3722 954 3776 den
978 3720 1234 3792 Hinderungsgrund
1262 3720 1345 3775 duroh

113 3819 213 3876 blosses
233 3818 319 3886 ,‚vor“
338 3816 502 3871 bezeichnen,
522 3843 552 3853 -
578 3815 688 3869 intrare
707 3811 798 3881 timeo]
818 3812 883 3879 „ioh
900 3797 973 3880 uage
991 3810 1061 3865 miah
1079 3810 1154 3864 nieht
1170 3810 1291 3865 hinein“.
1311 3839 1345 3850 -

111 3910 222 3980 priores
242 3906 350 3976 pana]
376 3906 446 3974 „der
462 3904 647 3960 Vorderleib“.
674 3931 706 3940 -
732 3902 845 3956 liberam
868 3900 1045 3969 seruitutem]
1070 3899 1148 3954 Ziehe
1171 3898 1222 3954 den
1246 3899 1348 3969 Bogriff

113 3998 298 4068 „argonam
317 3997 475 4051 liebertum
494 3993 658 4063 abhtngigen
676 3992 806 4046 Verbum!

189 4109 213 4150 a.
233 4095 341 4150 timoris
415 4092 528 4162 plenus]
548 4091 652 4160 „feig“,
670 4091 718 4146 wie
734 4090 833 4159 plenus
847 4087 1019 4159 prudentiae
1036 4086 1104 4158 Kap.
1122 4088 1148 4154 8,
1169 4087 1193 4142 1.

187 4202 266 4271 nep.
288 4203 335 4257 17.
377 4214 427 4255 ru.
445 4211 468 4255 ι.
492 4216 522 4254 eo
541 4197 609 4268 loeo]
627 4198 676 4252 wie
693 4197 761 4268 Kap.
775 4197 818 4264 14,
832 4195 858 4251 5.
877 4224 911 4234 -
930 4211 986 4263 qua
1004 4192 1203 4249 eoaawtuda'm
1282 4207 1346 4247 eou-

112 4293 223 4360 aaerat]
242 4291 294 4345 Die
306 4290 401 4357 Woise,
420 4289 468 4344 wie
481 4306 542 4342 man
555 4286 716 4357 gewbhnlioh
729 4289 810 4340 etwas
825 4285 897 4352 thut,
915 4284 953 4339 ist
970 4284 1035 4339 eben
1049 4283 1106 4338 eine
1119 4280 1296 4338 meraldo.
1310 4309 1347 4318 -

112 4383 183 4438 devio
201 4378 375 4449 menatem]
393 4379 453 4447 VII,
473 4379 515 4446 65,
534 4377 552 4432 4
571 4393 603 4431 ru
620 4377 694 4432 trater
713 4390 758 4431 eoo
770 4373 916 4446 proeliari.
