3134 4922
276 344 329 404 lto
754 344 794 396 Dc
812 343 879 395 bello
899 339 999 396 Gallico

251 505 446 570 sicutissime
471 503 702 578 sustinuerint3
725 523 759 566 re
782 501 992 566 frumentaria
1013 521 1077 565 uon
1099 501 1217 583 premi;
1247 500 1371 565 interea
1402 501 1435 563 et
1463 518 1496 563 er

251 611 425 695 eproximis
454 609 595 675 hibernis
631 611 664 674 et
700 627 719 672 a
749 607 885 673 Caesare
922 610 1116 672 conuentura
1152 605 1311 680 subsidia;
1341 607 1496 688 postremo

277 717 353 800 quid
377 736 445 782 esse
469 717 570 782 levius
595 717 652 780 sut
675 716 811 797 turpius,
836 733 932 796 quum
949 716 1078 778 auctore
1092 714 1184 776 hoste
1200 712 1238 776 de
1255 712 1391 776 summis
1407 713 1496 776 rebus

276 843 387 908 capere
411 824 602 889 consilium?

121 920 125 928 ’
223 934 266 995 20
367 930 486 996 Contra
521 949 558 994 ea
587 929 729 993 titurius
758 905 828 992 sero
859 927 999 992 facturos
1030 927 1229 1002 clamitabat,
1265 946 1339 990 cum
1367 926 1497 989 maiores

275 1055 390 1102 manns
420 1037 562 1101 hostium
599 1035 756 1100 adiunctis
789 1032 958 1098 Germanis
988 1033 1226 1110 convenissent,
1255 1034 1313 1096 aut
1344 1051 1420 1097 cum
1449 1031 1499 1094 eli·

277 1144 353 1225 quid
388 1143 583 1208 calamitatis
612 1143 645 1206 in
674 1141 823 1224 proximis
854 1141 994 1205 hibernis
1023 1143 1108 1204 esset
1137 1141 1313 1222 acceptum.
1366 1139 1499 1202 Brevem

251 1249 462 1315 aconsulendi
485 1267 554 1313 esse
578 1248 783 1312 occasionem.
817 1247 986 1312 Caesarem
1010 1247 1157 1310 arbitrari
1179 1245 1359 1328 protectum
1382 1246 1418 1308 in
1440 1244 1500 1309 Ita

276 1358 368 1429 liem;
391 1373 495 1437 neque
519 1355 612 1419 ahter
628 1354 784 1419 Carnutes
807 1353 1019 1418 interficiundi
1049 1353 1190 1435 Tasgetii
1213 1352 1382 1417 consilium
1408 1351 1500 1414 fuisse

277 1463 442 1545 capturoe,
476 1480 579 1543 neque
609 1461 789 1537 Eburones,
823 1461 850 1524 si
884 1460 937 1523 ille
976 1460 1117 1536 adesset,
1147 1461 1238 1523 tanta
1268 1459 1501 1540 contemptione

252 1569 377 1633 anostri
401 1568 442 1633 ad
465 1571 571 1633 castre
594 1570 754 1632 venturos.
802 1566 877 1630 Sese
900 1585 964 1630 non
986 1566 1112 1631 hostem
1141 1567 1318 1641 auctorem,
1350 1564 1410 1628 sed
1440 1581 1503 1628 rem

277 1677 438 1759 spectare:
464 1675 594 1739 subesse
618 1674 783 1747 Rhenum;
807 1691 922 1755 magno
947 1691 1015 1737 esse
1041 1671 1208 1737 Germanis
1232 1671 1332 1736 dolori
1353 1670 1501 1735 Ariovist‘

249 1782 414 1846 mortem
438 1784 471 1845 ct
494 1781 671 1865 superiores
701 1782 827 1843 nostras
857 1780 1023 1853 victorium
1051 1778 1160 1843 ardere
1185 1778 1323 1842 Calliam
1354 1779 1407 1841 tot
1437 1795 1504 1842 con-

276 1887 419 1952 tumeliis
450 1888 588 1970 acceptis
625 1888 684 1950 suh
718 1887 826 1969 populi
854 1886 991 1950 Romani
1019 1885 1188 1968 imperium
1217 1885 1383 1949 redactam
1416 1901 1504 1966 supe

252 1994 359 2058 oriere
384 1995 484 2076 gloria
507 1994 553 2058 rei
575 1993 723 2057 militaris
748 1993 911 2056 exstincta.
957 1991 1122 2056 Postremo
1155 1993 1224 2072 quis
1254 1991 1314 2055 hoc
1345 1991 1409 2055 sibi
1439 2009 1505 2074 per-

278 2100 444 2178 suaderet,
490 2101 556 2165 sine
602 2101 690 2164 certa
734 2117 767 2162 re
805 2099 1021 2180 Ambiorigem
1064 2098 1103 2162 ad
1143 2098 1297 2162 eiusmodi
1336 2099 1504 2162 consilium

252 2206 501 2270 edcsccndissc?
549 2205 647 2270 Suam
671 2206 864 2270 sententiam
887 2206 920 2269 in
943 2207 1114 2286 utrumqne
1137 2207 1263 2288 partem
1286 2223 1357 2269 esse
1381 2207 1505 2268 tutam:

278 2313 306 2376 si
332 2313 412 2376 nihil
442 2314 527 2376 esset
557 2312 683 2388 durius,
717 2312 805 2375 nullo
840 2331 914 2376 cum
948 2312 1087 2394 periculo
1122 2311 1162 2374 ad
1196 2311 1373 2394 proximam
1412 2313 1506 2393 legio

285 2504 287 2508 ·
350 2501 363 2540 s
384 2505 406 2538 u.
428 2501 451 2542 a.
469 2503 499 2542 re
517 2487 720 2556 fraenenturiu]
739 2488 785 2554 IV,
805 2489 885 2556 7,1;
911 2488 958 2541 der
976 2487 1083 2541 Ablativ
1108 2489 1182 2556 giebt
1201 2487 1242 2540 dio
1260 2487 1390 2540 Hinsicht
1410 2504 1455 2541 an.
1475 2517 1505 2524 —

273 2573 372 2648 premi]
391 2576 436 2643 IV,
452 2578 476 2643 1,
491 2577 520 2642 23
539 2577 586 2630 des
605 2576 716 2645 Subjekt
734 2577 836 2646 ergieht
853 2577 910 2630 sich
927 2577 1016 2630 leicht.
1036 2605 1069 2614 -
1086 2577 1235 2645 postremo]
1249 2575 1326 2629 ftihrt
1339 2575 1392 2628 den
1407 2577 1507 2630 letzteu

276 2665 332 2718 Teii
351 2665 397 2718 der
414 2665 486 2719 Rede
504 2665 554 2718 ein.
574 2694 608 2702 —
628 2665 704 2732 huis]
725 2665 944 2733 „gewissenlos·‘.
964 2693 998 2704 -
1018 2665 1143 2732 auctore]
1162 2663 1228 2734 Kap.
1247 2664 1291 2730 25,
1310 2665 1336 2718 3.

347 2752 426 2822 Kap.
446 2752 497 2808 29.
539 2765 559 2807 ι.
579 2759 675 2809 costra
694 2754 738 2821 ea]
764 2756 836 2808 stutt
853 2754 899 2808 des
917 2753 1111 2822 gewhhnlicheu
1128 2753 1230 2806 bloisen
1249 2759 1355 2808 centa.
1385 2782 1422 2791 -
1452 2767 1507 2808 sero

191 2914 193 2918 Δ
276 2842 379 2910 fucere]
398 2859 452 2910 „zu
470 2844 531 2912 spat
549 2859 608 2895 aum
625 2842 748 2896 Handeln
766 2843 916 2898 kommen“.
936 2872 970 2880 —
996 2859 1057 2897 cum
1137 2841 1337 2910 conuenissent]
1356 2842 1464 2896 lautate
1481 2842 1506 2894 in

258 2931 392 2998 ¹‹iirehtar
409 2931 481 2985 Rede
503 2948 566 2986 cum
589 2933 771 2987 conuerterint.
798 2963 831 2970 —
859 2931 1003 2987 adisaectis
1021 2929 1178 2999 Germanis]
1198 2930 1246 2997 „in
1264 2929 1443 3000 Verbindung
1460 2931 1506 2983 mit

277 3021 327 3075 deu
341 3017 518 3074 Cermancn“.
538 3051 572 3059 -
591 3019 758 3088 aliquid...
773 3027 840 3075 esset
857 3021 1009 3088 occeptum]
1028 3020 1119 3073 Mache
1138 3020 1187 3073 den
1202 3019 1263 3072 Sata
1282 3019 1367 3072 shtiv!
1389 3047 1426 3058 -
1448 3036 1506 3075 cou-

217 3167 218 3170 ,
277 3109 376 3175 solere]
396 3109 519 3162 cuweilen
538 3133 573 3152 =
592 3109 761 3163 consultare:

351 3207 373 3251 a.
394 3197 548 3265 Caesareos]
567 3197 690 3251 verbinde
709 3198 784 3252 nicht
801 3198 852 3251 mit
870 3198 1021 3266 arbitrari,
1049 3214 1081 3250 zu
1100 3197 1159 3250 dem
1182 3196 1309 3250 vielmehr
1326 3197 1375 3250 das
1395 3197 1507 3266 Subicit

277 3303 309 3338 en
327 3291 455 3353 erginzen
473 3285 518 3339 ist.
548 3315 581 3324 -
610 3285 703 3354 aliter]
728 3287 856 3352 „soust“.
886 3313 919 3321 -
948 3284 1033 3350 fuisse
1052 3283 1194 3354 captasses]
1220 3285 1323 3338 lautete
1341 3287 1370 3340 in
1390 3286 1506 3340 direhtcr

277 3373 348 3426 Rede
367 3375 508 3442 cepissent.
537 3374 622 3440 fuisse
639 3374 691 3442 gilt
709 3374 776 3427 such
793 3375 860 3427 noch
878 3375 920 3427 fiir
938 3379 1074 3428 centices.
1096 3401 1127 3411 -
1147 3373 1248 3441 nostru]
1267 3375 1342 3442 giebt
1360 3391 1405 3442 an,
1425 3392 1506 3444 gegen

277 3477 333 3514 wen
352 3462 408 3515 sich
426 3461 468 3516 dio
487 3461 731 3532 Geringsehttzung
748 3463 854 3516 richtet.

351 3562 374 3602 e.
394 3551 443 3605 hoe
460 3550 558 3619 specto]
578 3551 657 3618 „dies
675 3551 712 3604 ist
729 3552 771 3605 ssir
788 3550 857 3604 mich
876 3550 1074 3620 msisge'bond“.
1094 3581 1127 3589 -
1147 3552 1297 3621 auctores]
1315 3552 1446 3606 verbinde
1460 3553 1507 3606 mit

277 3638 393 3690 hostem!
415 3667 445 3675 -
466 3655 564 3707 usuque
582 3641 631 3694 tace
649 3640 717 3693 mihi
735 3639 827 3694 dolori
846 3639 896 3708 est]
916 3640 981 3706 „ich
999 3640 1045 3693 hin
1063 3641 1115 3694 voll
1134 3639 1208 3694 Groll
1226 3640 1372 3694 dariibsr“.

350 3737 374 3778 4.
394 3725 504 3795 erdere]
522 3728 573 3796 vgl.
589 3728 763 3782 exardescere
781 3728 847 3799 Kep.
861 3728 887 3795 4,
902 3728 928 3782 4.
947 3759 981 3766 -
1001 3733 1041 3783 tot
1059 3729 1232 3783 contumeliis
1251 3727 1384 3798 acceptio]
1406 3734 1506 3797 „untsr

278 3831 306 3868 so
325 3813 408 3867 vielen
422 3814 664 3884 usmuugumgen‘fl
680 3845 714 3854 -
732 3816 887 3884 reductum]
905 3817 960 3870 lise
973 3818 1001 3870 iu
1015 3817 1089 3871 einen
1104 3817 1265 3871 Relativsatz
1285 3819 1341 3872 auf!
1363 3848 1397 3856 —
1415 3820 1507 3888 plces'c

277 3903 479 3972 misequitur]
499 3904 569 3970 „der
587 3905 676 3958 Ruhm
694 3905 834 3959 erlisoht“.

351 4003 373 4046 5.
392 3992 454 4061 puis
532 3993 585 4048 suhi
607 3993 788 4062 persuadeat]
818 4011 892 4061 „wer
914 3995 1012 4048 kiuute
1035 3995 1091 4048 sich
1113 3994 1288 4048 einbilden?“
1318 4025 1352 4034 -
1379 3997 1439 4064 res]
1469 3997 1508 4049 he

277 4079 369 4134 deutet
387 4079 455 4134 hier:
481 4081 688 4135 thatsichlicher
707 4080 807 4149 Grund,
826 4082 934 4136 Anheit.
964 4113 997 4120 -
1026 4082 1200 4150 descendere]
1219 4083 1318 4137 etthei
1337 4085 1424 4138 einem
1444 4085 1507 4137 Vor-

276 4168 368 4237 gehen,
388 4187 420 4222 zu
438 4169 497 4223 dem
515 4187 575 4223 man
595 4187 695 4238 ungern
714 4171 848 4224 schroitet.

350 4271 373 4312 o.
393 4259 425 4311 iu
443 4259 724 4328 utramquepartem]
748 4259 833 4328 htugt
858 4261 890 4312 sb
909 4277 959 4313 von
978 4265 1068 4314 tutam
1086 4284 1120 4303 =
1140 4259 1332 4327 „gefahrlcs“;
1351 4261 1395 4314 die
1414 4261 1507 4315 beiden

276 4347 422 4416 miglichen
435 4347 508 4402 reue
525 4347 628 4402 werden
643 4348 757 4416 sogleich
770 4349 938 4416 geschildert.
959 4379 991 4387 —
1010 4349 1083 4404 ciust
1097 4355 1136 4403 est
1150 4349 1264 4417 duetus]
1280 4366 1329 4416 „es
1344 4349 1420 4404 steht
1432 4349 1512 4404 nicht
