3136 4928
248 367 303 430 838
675 412 679 418 .
741 370 781 424 Dc
798 370 866 424 bello
885 368 985 426 Gallico

250 533 377 615 legatus
400 551 473 596 cnm
496 531 672 613 legionibus
696 531 819 596 duabus
844 531 884 596 ad
907 549 961 596 eos
984 530 1221 614 persequendos
1243 530 1417 607 contendit,
1437 548 1472 594 ne

251 639 441 704 detrimento
465 639 522 702 aut
544 638 656 702 timore
682 639 858 721 provinciae
885 657 1003 721 magna
1033 637 1164 702 infamia
1194 637 1397 720 perditorum
1424 637 1474 701 ho·

249 747 375 811 minum
397 745 571 809 latrociniis
595 747 771 827 caperetur.

197 860 239 922 al
341 851 441 918 Gaius
469 851 586 916 Fabius
616 870 690 915 cum
720 851 843 933 reliquo
873 851 1013 916 exercitu
1043 851 1077 914 in
1101 849 1260 916 Carnutes
1293 853 1473 930 ceterasque

250 959 461 1044 proficiscitur
483 958 637 1035 civitates,
661 976 799 1040 quarum
822 976 858 1022 eo
881 957 1015 1040 proelio,
1040 956 1124 1039 quod
1148 976 1222 1021 cum
1244 957 1415 1022 Dumnaco
1436 956 1475 1020 fe

226 1068 352 1142 ecerat,
375 1065 480 1147 copias
504 1083 573 1128 esse
598 1064 718 1128 accisas
742 1065 870 1129 sciebat.
916 1063 987 1128 Non
1011 1064 1096 1128 enim
1120 1063 1307 1141 dubitabat,
1332 1063 1411 1145 quin
1432 1081 1476 1127 re·

251 1172 335 1237 conti
359 1171 541 1235 calamitate
565 1171 786 1236 submissiores
810 1173 918 1235 essent
941 1169 1085 1247 futurae,
1116 1170 1191 1234 dato
1215 1189 1290 1235 vero
1316 1171 1421 1253 spatio
1444 1188 1477 1234 ac

226 1280 395 1361 atempore
418 1277 528 1349 eodem
550 1277 724 1359 instigante
748 1278 914 1343 Dumnaco
937 1279 1068 1360 possent
1090 1278 1251 1342 concitari.
1292 1277 1366 1356 Qua
1389 1279 1424 1341 in
1446 1297 1476 1341 re

251 1403 377 1449 summa
411 1384 548 1449 felicitas
583 1384 792 1466 celeritasque
830 1384 864 1448 in
902 1384 1089 1468 recipiendis
1124 1385 1309 1449 civitatibus
1345 1385 1480 1449 Fabium

251 1491 464 1572 consequitur.
516 1490 599 1555 Nam
630 1490 803 1567 Carnutes,
834 1490 889 1572 qui
919 1509 1012 1574 saepe
1043 1492 1148 1556 vexati
1176 1510 1359 1573 numquam
1394 1493 1481 1575 pacis

225 1597 392 1664 llecerant
413 1597 625 1673 mentionem,
649 1597 732 1662 datis
756 1597 918 1662 obsidibus
942 1597 1073 1662 veniunt
1096 1599 1130 1662 in
1152 1598 1367 1675 deditionem,
1399 1601 1483 1663 cete-

250 1723 367 1787 raeque
396 1704 541 1770 civitates
571 1705 693 1786 positae
723 1704 756 1768 in
787 1705 911 1768 ultimis
935 1703 1059 1770 Galliae
1089 1704 1221 1782 finibus,
1248 1705 1377 1770 Oceano
1411 1725 1484 1770 cou-

249 1812 393 1889 iunctae,
417 1830 498 1893 quae
521 1811 721 1877 Aremoricae
753 1811 970 1895 appellantur,
1000 1812 1189 1876 auctoritato
1220 1812 1382 1877 adductae
1408 1813 1484 1878 Car-

250 1919 366 1982 nutum
401 1917 541 1982 adventu
570 1918 660 1982 Fabii
689 1918 912 2001 legionumque
941 1919 1099 2002 imperata
1130 1919 1198 1982 sinc
1227 1937 1320 1983 mora
1351 1918 1484 1990 faciunt.

226 2024 437 2088 sDumnacus
460 2024 526 2088 suis
549 2024 665 2088 finibus
689 2024 838 2107 expulsus
863 2042 973 2088 errans
997 2024 1195 2107 latitansque
1211 2025 1300 2089 solus
1318 2029 1482 2091 extremas

251 2129 373 2195 Galliae
396 2131 540 2211 regiones
563 2134 671 2214 petere
695 2133 745 2196 est
768 2133 906 2196 coactus.

197 2245 240 2308 82
339 2235 383 2303 nt
413 2235 575 2320 Drappes
605 2256 732 2319 unaque
761 2237 946 2314 Lucterius,
976 2257 1051 2302 cum
1079 2237 1219 2320 legiones
1244 2238 1484 2322 Caniniumque

250 2344 360 2408 adesse
384 2346 609 2425 cognoscerent
632 2363 690 2408 nec
713 2363 746 2408 se
771 2345 838 2408 sinc
854 2347 941 2408 certa
956 2344 1094 2427 pernicie
1109 2348 1323 2428 persequente
1342 2349 1486 2412 exercitu
1564 2383 1565 2392 ι

248 2453 401 2534 putarent
422 2451 601 2533 provinciae
624 2450 703 2515 fines
727 2451 846 2515 intrare
869 2469 961 2534 posse
984 2470 1043 2516 nec
1065 2452 1131 2515 iam
1154 2451 1251 2516 libere
1273 2453 1417 2534 vagandi
1439 2455 1486 2518 la-

249 2558 519 2638 trociniorumque
542 2556 760 2622 laciendomm
782 2557 971 2622 facultatem
994 2558 1164 2634 haberent,
1194 2558 1228 2621 in
1258 2557 1380 2625 finibus
1411 2580 1486 2625 con-

226 2664 370 2730 rsistunt
386 2663 612 2729 Cadurcorum.
642 2662 691 2727 Ibi
715 2683 785 2727 cum
810 2663 978 2728 Lucterius
1002 2664 1087 2746 apud
1111 2683 1185 2728 suos
1208 2664 1295 2730 cives
1320 2667 1484 2747 quondam

248 2771 382 2854 integris
405 2770 499 2835 rebus
523 2770 662 2834 multum
685 2771 855 2853 potuisset,
880 2789 1068 2854 semperque
1092 2773 1204 2835 auctor
1225 2789 1386 2838 novorum
1409 2793 1485 2838 cou-

250 2879 394 2943 siliorum
421 2895 573 2959 magnam
601 2877 686 2959 apud
715 2878 866 2942 barbaros
897 2878 1120 2942 auctoritatem
1148 2879 1298 2956 haberet,
1330 2880 1485 2963 oppidum

323 3137 346 3180 2.
369 3141 440 3180 ce..
449 3125 568 3179 comere
582 3125 745 3194 provinciae
762 3142 865 3195 mopso
882 3123 1043 3191 infamia..
1052 3125 1231 3194 operm]
1257 3125 1352 3180 Durch
1378 3127 1487 3181 Schddi·

249 3231 330 3283 gnng,
346 3214 376 3282 ja
394 3214 473 3267 echon
493 3213 575 3266 durch
594 3213 677 3267 blolse
691 3213 892 3282 Bedngstigung
909 3213 956 3267 der
969 3213 1079 3268 Prorinz
1098 3213 1196 3267 seitens
1210 3214 1258 3267 der
1270 3214 1372 3326 Feinde
1385 3217 1484 3270 konnte
1562 3231 1563 3248 ³

248 3303 303 3406 ilum
320 3303 423 3372 grosser
440 3301 559 3373 Schimpi
574 3302 729 3356 erwaclisen

269 3399 399 3468 Kap.
420 3400 472 3456 31.
515 3411 605 3454 rue
628 3400 825 3467 soctmissiorl,
827 3347 1033 3469 ,gelsuumta
1057 3401 1252 3471 -apate'uml
1270 3403 1357 3457 neben
1376 3409 1485 3473 temrpus

249 3510 285 3532 =
304 3487 554 3557 S„pielraum.·-
520 3488 734 3558 —instiyaotcl
752 3487 814 3542 Anl.
832 3488 883 3543 Hs

323 3589 399 3630 -cs
418 3577 541 3643 felicitas
553 3595 594 3633 me
608 3583 752 3634 consecuto
766 3579 815 3646 eci]
830 3578 894 3644 ,‚ich
908 3579 1022 3632 erfreute
1035 3579 1104 3634 mich
1119 3579 1165 3634 des
1175 3578 1296 3634 Glucks“
1298 3621 1305 3634 .
1321 3610 1357 3619 -
1371 3582 1484 3649 oecon]

251 3665 469 3731 „heimsuchcn“.
495 3695 529 3706 —
553 3668 666 3735 mentio]
691 3667 842 3721 bezeichnet
859 3667 899 3722 cit
916 3668 991 3721 einen
1010 3667 1169 3737 vorliiuligen
1188 3667 1302 3737 Arimag.
1326 3697 1363 3708 -υ
1386 3678 1484 3726 aucto·
1561 3701 1562 3729 ;

250 3753 334 3820 ritas]
353 3753 400 3806 wie
413 3754 471 3821 VII,
485 3756 529 3822 37,
543 3757 560 3809 3
579 3755 626 3810 das
640 3756 762 3827 Beiapiel,
781 3757 828 3810 der
840 3756 965 3825 Vorgang
977 3756 1178 3826 maisgebender
1190 3757 1445 3814 Pcrsdnllchkeiten.

723 3901 825 4077 nvp:
847 3897 1032 4068 argu-'uus
1560 4057 1561 4060 ,

321 4111 399 4180 ΚθΡ·
418 4113 471 4169 32·
513 4129 533 4170 ι.
552 4124 732 4186 persequente
750 4119 885 4187 exercitu]
908 4120 960 4188 rgl.
978 4120 1045 4191 Kap
1065 4122 1107 4188 19,
1127 4121 1196 4176 izu
1214 4123 1322 4176 acriter
1338 4123 1483 4193 insequet-
1560 4103 1561 4159 ἶ

251 4199 386 4254 111111.-
352 4203 621 4273 -latroctnium],
624 4206 792 4275 ‚fflRaubzug

324 4299 347 4342 2.
371 4289 602 4361 integriorem]
626 4299 725 4362 etwa,
728 4297 766 4360 ,in
785 4300 867 4365 guten
886 4297 1007 4352 Zeiten‘t
1033 4301 1207 4369 -oemped
1232 4255 1346 4356 vertritt
1363 4302 1406 4356 bei
1425 4303 1482 4356 dem
1559 4355 1560 4360 ,

250 4374 498 4433 Verbolsubstantiv
515 4387 615 4436 auctor
632 4382 674 4436 dio
693 4384 773 4439 Stelle
791 4386 862 4438 eines
881 4383 1028 4454 Adjelrtivs.
1048 4413 1081 4426 -·
1100 4385 1256 4461 consilium}
1276 4388 1403 4458 11121,
1422 4393 1448 4446 1.
