3136 4928
537 359 635 417 comm.
653 361 726 429 vm,
745 379 767 416 a.
785 362 900 417 ar-nr.
1279 327 1334 422 tto

102 523 229 588 duabus
252 523 429 605 legionibus
451 523 485 588 iu
505 523 656 587 Treveros
678 523 792 598 mittit;
818 542 953 605 quorum
976 523 1088 588 civitas
1108 526 1238 608 propter
1254 524 1357 590 Ger-a

102 629 230 694 maniae
255 629 450 694 vicinitatem
473 629 639 694 cotidianis
664 628 801 693 exercita
823 629 915 694 bellis
939 630 1029 694 cultu
1053 633 1086 694 et
1114 629 1240 695 feritate
1269 651 1332 696 non

101 737 246 800 multum
262 755 281 800 a
297 735 469 810 Germanis
486 734 654 800 differebat
676 753 780 817 neque
803 736 960 819 imperata
982 755 1134 818 umquam
1158 736 1222 800 nisi
1245 756 1333 802 exer·

102 843 170 907 citu
194 845 304 907 coacta
327 842 472 907 faciebat.

193 947 351 1015 Interim
372 948 471 1014 Gaius
488 947 640 1014 Caninius
663 949 799 1029 legatus,
823 967 896 1012 cum
918 967 1070 1031 magnum
1092 949 1332 1014 multitudinem
1342 955 1386 1015 26

101 1056 289 1121 convenisse
311 1055 453 1120 hostium
482 1055 515 1119 iu
543 1053 623 1118 fines
646 1053 815 1118 Pictonum
845 1054 960 1118 litteris
991 1055 1175 1137 nuntiisque
1203 1055 1333 1120 Duratii

100 1163 316 1244 cognosceret,
341 1162 396 1243 qui
418 1163 569 1244 perpetuo
592 1161 627 1224 in
650 1160 791 1225 amicitia
814 1164 977 1226 manserat
1000 1162 1233 1239 Romanorum,
1257 1182 1331 1228 cum

101 1287 177 1353 pers
203 1268 361 1352 quaedam
384 1268 522 1350 ciuitatis
546 1267 614 1331 eius
638 1266 814 1344 defecisset,
837 1267 878 1331 ad
901 1268 1051 1351 oppidum
1066 1269 1244 1334 Lemonum
1259 1289 1333 1335 con·

100 1375 216 1440 tendit.
248 1373 318 1453 Quo
342 1393 416 1440 oum
439 1373 626 1438 adventaret
649 1375 746 1454 atque
771 1391 806 1437 en
831 1375 963 1456 captiuis
987 1376 1105 1439 certius
1129 1378 1357 1458 cognoscereta

101 1482 216 1546 multis
247 1481 413 1545 hominum
442 1480 571 1544 milibus
601 1499 621 1544 a
649 1479 832 1557 Dumnaco,
862 1478 941 1544 duce
971 1480 1129 1558 Andium,
1158 1482 1331 1547 Duratium

101 1589 251 1654 clausum
266 1587 398 1651 Lemoni
421 1587 597 1669 oppugnari
618 1605 723 1668 neque
747 1586 889 1650 infirmas
912 1587 1052 1669 legiones
1075 1588 1221 1653 hostibus
1245 1608 1330 1654 com-

101 1695 232 1759 mittere
257 1693 397 1769 auderet,
420 1695 526 1757 castra
548 1693 655 1775 posuit
676 1693 745 1756 loco
768 1693 901 1757 munito.
945 1692 1150 1772 Dumnacm,
1179 1713 1253 1760 cum
1276 1714 1356 1779 apa

101 1801 316 1886 propinquare
341 1799 511 1866 Caninium
533 1801 713 1881 cognosset,
737 1799 834 1882 copiis
859 1800 1005 1864 omnihus
1030 1800 1070 1865 ad
1093 1801 1234 1883 legiones
1258 1820 1331 1866 con-

101 1907 204 1972 versis
235 1908 342 1971 castra
370 1906 587 1970 Romanorum
616 1923 798 1988 oppugnare
833 1895 984 1970 inst'tuit.
1036 1906 1118 1972 Cum
1153 1908 1355 1990 compluresr

100 2014 171 2078 dies
195 2013 229 2077 in
253 2013 486 2096 oppugnatione
510 2012 760 2095 consumpsisset
783 2015 816 2076 et
838 2031 954 2095 magno
978 2032 1109 2078 suorum
1141 2012 1331 2079 detrimento

101 2121 228 2186 nullam
251 2124 375 2203 partem
398 2120 612 2184 munitionum
635 2119 810 2184 convellere
834 2121 1006 2202 potuisset,
1037 2139 1150 2185 rursus
1181 2121 1220 2185 ud
1251 2121 1332 2186 obsi-

101 2227 247 2293 dendum
269 2227 446 2292 Lemonum
468 2226 560 2291 redit.

194 2333 315 2400 Eodem
348 2336 490 2417 tempore
526 2333 561 2400 C.
590 2334 709 2399 Fabius
747 2334 873 2415 legatus
905 2334 1083 2416 complures
1118 2335 1264 2398 civitates
1299 2334 1384 2398 int?

102 2442 201 2507 fidem
230 2441 359 2523 recipit,
389 2439 550 2505 obsidibus
579 2441 689 2505 firmat
718 2440 899 2521 litterisque
932 2439 991 2506 Gai
1022 2439 1134 2506 Canini
1163 2441 1267 2504 Rebili
1295 2440 1332 2503 fit

103 2550 236 2625 certior,
260 2566 340 2629 quae
363 2548 397 2611 in
419 2547 604 2612 Pictonibus
628 2550 789 2628 gerantur.
835 2545 958 2625 Quibus
981 2548 1077 2612 rebus
1100 2547 1233 2628 cognitis
1247 2564 1352 2637 pro.

102 2655 258 2721 ficiscitur
281 2654 321 2719 ed
350 2653 503 2718 auxilium
525 2653 660 2718 Duratio
690 2652 865 2718 ferendum.
909 2656 953 2718 At
976 2653 1162 2718 Dumnacus
1193 2652 1358 2717 adventur

102 2761 195 2827 rabit
219 2760 344 2842 cognito
368 2760 536 2844 desperata
566 2760 687 2837 salute,
718 2760 745 2824 si
775 2763 917 2843 tempore
948 2760 1057 2826 eodem
1088 2761 1217 2824 coactus
1248 2761 1332 2824 esset

104 2871 137 2933 et
160 2869 343 2932 Romanum
368 2869 535 2932 externum
564 2867 721 2932 sustinere
750 2867 877 2931 hostem
907 2869 940 2931 et
967 2868 1123 2950 respicere
1153 2884 1190 2930 ac
1220 2866 1332 2931 timere

105 2973 295 3058 oppidanos,
324 2975 453 3058 repente
485 2992 523 3038 ex
552 2992 588 3038 eo
616 2974 684 3037 loco
715 2992 789 3038 cum
820 2973 916 3056 copiis
946 2972 1066 3038 recedit
1095 2991 1154 3037 nec
1184 2991 1217 3036 se
1253 2973 1332 3036 satis

105 3083 215 3145 tutum
238 3079 303 3145 fore
328 3081 510 3158 arbitratur,
532 3079 595 3144 nisi
610 3079 741 3144 flumine
757 3080 872 3161 Ligeri,
897 3079 982 3161 quod
1005 3081 1074 3144 erat
1089 3081 1185 3162 ponte
1201 3082 1331 3162 propter

105 3226 321 3236 ——-.-—-

178 3309 257 3378 Καρ.
272 3309 324 3365 25.
363 3320 386 3364 2.
405 3326 522 3379 pecorum
536 3309 644 3378 ciritae]
664 3309 711 3363 wie
723 3308 790 3380 Knp.
805 3310 848 3376 13,
862 3309 888 3364 4.
908 3340 941 3349 -
960 3309 1050 3376 culter]
1069 3308 1175 3364 Welche
1189 3307 1334 3378 Gesittung

106 3401 144 3455 sie
162 3399 263 3469 gelrabt
279 3399 374 3466 haben,
393 3398 463 3467 aeigt
480 3398 527 3452 der
544 3398 640 3452 Zusatz
658 3397 781 3464 feritate.

639 3541 691 3624 lv.
715 3539 804 3624 Tell.

581 3660 682 3722 Καρ.
709 3659 858 3710 tre-81.

178 3753 257 3822 Kap.
276 3753 328 3810 26.
368 3765 390 3810 a.
409 3754 573 3810 committere
592 3754 720 3824 cuderet]
738 3755 788 3808 Die
805 3755 935 3824 Iegioneu
954 3753 1075 3808 sehienen
1093 3753 1148 3806 ihm
1167 3770 1201 3807 an
1219 3752 1284 3806 Zahl
1302 3769 1334 3806 zu

105 3843 240 3910 schwach,
265 3843 305 3897 als
324 3842 382 3897 dats
400 3860 430 3897 er
446 3846 551 3912 geuagt
569 3843 657 3910 bitte,
683 3844 721 3897 sia
742 3844 770 3896 in
794 3843 877 3897 einem
895 3843 996 3898 Treffm
1015 3842 1061 3895 der
1079 3841 1235 3896 feindlichen
1253 3832 1332 3895 Uber·

95 3932 198 3986 'nracht
215 3932 407 4002 preiszngeben.

179 4020 257 4089 Kap.
276 4020 327 4077 27.
369 4034 389 4076 t.
412 4020 543 4090 trepidem
560 4020 690 4089 recipere]
714 4021 905 4090 beschdnigsnd
923 4021 965 4074 fiir
984 4020 1208 4088 „unterwersen“.
1233 4049 1265 4058 -
1289 4018 1334 4074 ob·

105 4110 217 4166 ridebere
234 4110 345 4178 picture
362 4110 428 4181 clm]
448 4110 553 4178 „durch
572 4108 676 4165 Geiseln
696 4110 751 4164 sich
770 4110 817 4164 der
833 4110 916 4164 Trcue
932 4109 1067 4178 jemandea
1085 4108 1263 4164 versichern*‘.

181 4210 205 4253 2.
223 4195 309 4271 salae]
325 4201 448 4254 euwcileu
462 4217 519 4254 vom
533 4201 675 4269 gtinstigen
685 4200 819 4268 Ausgang.
835 4230 868 4239 —
887 4199 1044 4254 Romarm
1057 4205 1200 4253 murnum
1213 4199 1335 4252 metiore

106 4286 221 4355 hortem]
244 4288 282 4341 ist
305 4288 410 4344 uhnuoh
432 4291 528 4357 gesagt
552 4289 599 4342 wie
623 4287 746 4342 Brutum
769 4303 867 4357 sepnor
891 4287 994 4344 ducem.
1031 4279 1173 4342 Ubersetze
1195 4293 1336 4342 extremum

106 4376 263 4430 adverbiell!
284 4405 317 4416 -
335 4378 470 4447 respicere
487 4393 522 4433 ae
540 4376 645 4446 timere]
665 4381 746 4432 etwa:
765 4377 930 4446 „vorsiehtig
947 4378 984 4431 im
1002 4377 1076 4446 Auge
1094 4377 1248 4431 behalten“.
