3172 4922
381 1059 805 1148 COMMENTARIUS
839 1059 1133 1149 SECUNDUS.

235 1373 320 1440 Cum
344 1377 428 1439 esset
451 1374 569 1440 Caesar
590 1375 624 1439 in
647 1376 791 1442 eiteriore
816 1375 935 1454 Gallia,
965 1376 1013 1440 ita
1041 1375 1091 1440 uti
1121 1393 1218 1458 supra
1245 1375 1403 1444 demon-l

143 1481 331 1560 stravimus
354 1482 455 1547 orebri
480 1483 519 1546 ad
543 1501 617 1547 eum
640 1501 784 1548 rumores
815 1482 1056 1560 adferebantur,
1086 1482 1266 1564 litterisque
1295 1482 1374 1547 item

141 1587 279 1652 Labieni
308 1590 421 1653 certior
449 1588 546 1653 fiebat
576 1607 685 1654 omnes
708 1589 842 1671 Belgas,
872 1605 970 1671 quam
997 1589 1128 1654 tertiam
1158 1607 1227 1654 esse
1251 1587 1373 1655 Galliae

142 1695 272 1776 partem
294 1693 490 1772 dixeramus,
513 1696 624 1759 eontra
650 1696 805 1778 populum
827 1695 1010 1760 Romanum
1039 1695 1204 1760 ooniurare
1235 1695 1376 1760 obsides-

144 1818 207 1882 que
230 1800 317 1865 inter
340 1819 373 1865 se
404 1801 488 1865 dare.
534 1800 727 1867 Coniurandi
756 1803 815 1866 has
846 1820 914 1866 ease
945 1820 1075 1866 oausas:
1104 1801 1259 1884 primum,
1290 1801 1399 1883 quoda

143 1908 348 1984 vererentur,
376 1926 417 1971 ne
441 1909 527 1971 omni
549 1911 664 1992 paoata
688 1908 793 1975 Galba
817 1908 857 1972 ad
881 1926 934 1972 eos
958 1909 1113 1972 exereitus
1136 1910 1245 1972 noster
1275 1907 1373 1972 addu-

143 2014 287 2088 oeretur3
319 2013 448 2092 deinde,
472 2015 556 2097 quod
580 2016 620 2080 ab
642 2015 805 2080 nonnullis
829 2013 931 2080 Gallis
963 2014 1227 2092 sollicitarentur,
1256 2015 1398 2097 partimi

144 2119 272 2202 quint
295 2119 470 2187 Germanos
494 2121 616 2187 diutius
638 2123 673 2186 in
696 2121 802 2186 Gallia
825 2122 945 2186 versari
975 2121 1161 2199 noluerant,
1190 2121 1237 2184 ita
1265 2121 1374 2203 populi

143 2225 282 2290 Romani
306 2228 480 2292 exereitum
502 2228 643 2294 hiemare
667 2230 763 2310 atque
786 2229 1017 2293 inveteraseere
1047 2229 1081 2292 in
1105 2226 1210 2293 Gallia
1238 2227 1372 2291 moleste

143 2332 305 2411 ferebant,
334 2334 452 2416 partim
476 2335 530 2416 qui
557 2335 735 2400 mobilitate
765 2337 798 2399 et
826 2335 957 2400 levitate
987 2335 1086 2400 animi
1113 2334 1203 2398 noris
1231 2333 1373 2417 imperiis

145 2439 329 2517 studebant,
353 2442 393 2504 ab
415 2442 575 2506 nonnullis
593 2441 699 2519 etiam,
723 2441 807 2522 quod
822 2441 856 2505 in
873 2440 977 2506 Gallia
994 2460 1012 2505 a
1027 2439 1259 2524 potentioribus
1276 2442 1398 2522 atquer

690 2654 714 2736 Ι.
743 2653 831 2736 Tell.

485 2773 566 2834 Καρ.
585 2771 686 2823 1-83»
706 2798 739 2808 -
758 2771 839 2824 Jahn
857 2771 896 2824 57
913 2784 944 2822 v.
961 2769 1034 2822 chr.

565 2872 587 2921 1.
606 2871 758 2921 Absobnitt:
776 2873 841 2928 Kar.
861 2869 953 2920 1-1o.

216 2961 297 3032 Καρ.
318 2965 348 3018 1.
390 2976 410 3019 1.
435 2963 555 3033 adfhrra']
580 2965 743 3033 „galangam
767 2964 908 3033 dringon“.
935 2993 969 3001 -
993 2979 1076 3033 qaam
1156 2961 1326 3030 dixeramus]
1351 2979 1373 3017 s.

142 3049 206 3106 Aul.
225 3052 256 3106 P.
281 3080 316 3090 -
341 3053 500 3122 mucrore]
525 3054 622 3120 „einen
639 3053 718 3108 Bund
736 3052 911 3119 aeblieison“;
936 3052 972 3106 im
990 3049 1172 3106 Lateinisehon
1189 3050 1254 3104 wird
1272 3051 1309 3104 im
1326 3051 1374 3105 lol-

143 3140 248 3209 geuden
265 3140 343 3196 Sabae
361 3141 481 3196 desselbo
498 3142 576 3196 Wort
599 3142 666 3196 nooh
691 3143 787 3196 einmal
809 3142 845 3195 im
864 3139 975 3197 Genetir
997 3139 1043 3194 dos
1061 3138 1238 3194 Gerundiums
1261 3142 1374 3208 gosetzt,

142 3246 182 3284 wo
202 3229 250 3283 wir
268 3229 336 3284 blois
356 3230 452 3298 „darm
472 3231 564 3298 daven,
583 3233 632 3285 es“
652 3249 677 3286 u.
693 3249 714 3286 s.
729 3249 760 3286 w.
780 3247 867 3300 sagon.

219 3330 242 3373 ².
267 3320 345 3374 oanni
365 3324 474 3388 pacata
493 3320 602 3390 Gallia]
628 3322 714 3375 libers.
733 3320 800 3374 nach
816 3320 839 3389 I,
858 3321 883 3388 6,
902 3321 919 3374 2
945 3321 1024 3374 unter
1041 3317 1213 3387 Anwendung
1235 3318 1282 3373 dos
1304 3319 1373 3374 betr.

143 3406 329 3462 Substantivsl
349 3439 383 3449 -
402 3409 440 3464 aa
458 3411 514 3478 eoa]
534 3434 566 3454 =
586 3410 625 3464 ad
642 3410 752 3479 Belyaa.

220 3509 244 3551 a.
262 3499 298 3554 ab
316 3499 471 3566 nmnmllia]
495 3498 573 3553 Diase
592 3499 695 3553 werden
712 3499 740 3552 in
760 3498 821 3552 zuei
839 3497 951 3552 Klassen
969 3496 1077 3568 geteilt:
1096 3496 1123 3562 1)
1141 3496 1190 3565 qai
1208 3497 1316 3552 molceio
1334 3495 1374 3562 se·

141 3585 258 3651 rebam
283 3587 312 3652 2)
329 3587 379 3655 qui
458 3586 616 3641 studebant.
651 3587 730 3641 Danu
748 3587 813 3641 wbd
830 3586 897 3640 nooh
915 3587 972 3640 aino
990 3586 1073 3640 dritta
1090 3584 1184 3640 Klasse
1202 3586 1374 3654 hinzugoliigt

142 3673 195 3727 mit
212 3674 248 3728 ab
264 3676 410 3730 menenio
427 3676 510 3730 etiam
529 3716 575 3744 ...,
593 3676 643 3746 qui
655 3681 797 3744 pomam.
821 3704 855 3713 —
878 3680 913 3730 at
978 3675 1136 3743 noluerant,
1155 3675 1199 3729 ita
1264 3675 1373 3730 motato

144 3760 285 3831 ferebant]
305 3763 374 3831 „wie
393 3764 431 3818 sie
448 3763 524 3818 nieht
536 3765 689 3833 gowdnsoht
703 3764 806 3832 hatten,
825 3781 854 3818 so
868 3781 896 3818 es
910 3779 1012 3834 ungam
1026 3763 1115 3830 sahen,
1133 3763 1322 3817 bedauorten“.
1337 3791 1371 3801 -
1403 3771 1407 3782 '

144 3851 297 3908 amana
375 3853 494 3921 aaran]
518 3854 580 3908 Ani.
599 3851 646 3909 0⁹.
673 3883 706 3894 -
732 3854 937 3921 moderarum]
964 3853 1127 3920 „einaltarm
1153 3851 1208 3906 sich
1233 3852 1373 3920 einnistan,

143 3940 201 3994 siah
225 3941 398 3996 sastsetzon“.
426 3969 458 3980 —-
483 3943 621 3998 mobilitas
639 3948 666 3998 et
684 3942 781 3997 levitae
799 3943 899 4010 animi]
926 3941 1181 4010 „Unbostiindigkoit
1198 3941 1253 3995 und
1269 3941 1373 3996 Loioht-

143 4028 236 4084 ainn“.
262 4056 296 4068 ·-
320 4031 401 4086 noea
417 4031 544 4100 imperiis
562 4030 724 4098 studebant]
749 4030 792 4084 Sia
811 4031 975 4098 wbnsohten,
1000 4029 1059 4084 dala
1083 4047 1138 4084 nun
1155 4030 1250 4084 wieder
1266 4029 1373 4100 jemand

142 4117 254 4173 anderes
282 4119 324 4174 die
351 4118 570 4174 Oberhorrsehadt
596 4121 625 4174 in
650 4118 753 4174 Gallien
779 4119 860 4188 haba,
887 4118 956 4174 blois
983 4119 1029 4173 dor
1054 4119 1242 4188 Verdnderung
1268 4137 1372 4189 regen,

141 4207 195 4277 rgL
213 4207 237 4275 I,
256 4209 281 4276 9,
299 4209 325 4263 3.

216 4310 241 4350 4.
260 4297 335 4365 qaod
414 4296 635 4366 occupabantur]
657 4298 742 4351 libers.
762 4297 835 4350 aktiv
852 4297 919 4351 naoh
937 4297 959 4365 Ι,
978 4298 1003 4364 3,
1022 4296 1040 4351 4
1062 4295 1119 4351 und
1141 4296 1180 4350 als
1198 4297 1372 4365 Paronthoae;

141 4385 190 4439 das
208 4385 314 4456 Imperi
334 4385 430 4440 drdolt
448 4386 499 4440 den
512 4385 630 4440 Varsueh
648 4386 695 4441 dor
709 4385 854 4456 Handlung
873 4387 982 4441 aue‘-
999 4386 1179 4456 potentiores]
1199 4386 1246 4439 wir
1264 4385 1373 4454 „maeh-
