3172 4922
576 370 674 427 Oomm.
692 370 768 459 Hpc
787 371 813 426 4.
832 372 857 428 5.
1298 371 1334 433 ῧθ

191 528 315 596 Caeam
343 531 460 597 Remos
491 531 675 597 cohortatus
704 532 941 615 liberaliterque
972 532 1113 598 oratione
1143 536 1362 617 prosecutusd

100 654 232 702 omnem
256 639 406 702 senatum
429 638 470 702 ad
493 656 527 702 se
551 639 716 703 convenire
739 639 982 723 principumque
1004 640 1120 705 liberos
1144 641 1268 706 obsides
1292 641 1333 706 ad

102 761 136 808 ss
167 743 286 809 adduci
315 744 419 810 iussit.
464 742 553 823 Quae
582 745 688 810 omnia
716 745 756 810 ab
785 745 836 810 his
867 745 1036 828 diligenter
1065 746 1106 810 ad
1137 746 1222 812 diem
1247 746 1334 812 facta

103 852 189 914 sunt
211 850 287 934 Ipse
298 851 497 916 Diviciacum
508 850 679 916 Haeduum
691 869 883 936 magnopere
896 852 1080 917 cohortatus
1093 852 1193 931 docet,
1213 855 1358 936 quantoe

103 975 197 1040 opere
225 957 273 1022 rei
301 957 445 1041 publicae
476 958 719 1040 communisque
750 959 865 1022 salutis
894 958 1023 1023 intersit
1051 977 1167 1024 manus
1190 959 1334 1025 hostium

104 1063 259 1142 distineri,
282 1083 323 1129 ne
347 1083 421 1130 cum
444 1065 536 1128 tanta
551 1064 761 1129 multitudine
785 1083 848 1129 uno
871 1066 1015 1148 tempore
1031 1064 1267 1148 confligendum
1283 1067 1334 1131 sit.

105 1170 144 1236 Id
165 1170 237 1235 fieri
258 1189 360 1254 posse,
384 1171 412 1235 si
435 1189 511 1235 suos
535 1171 641 1254 copias
664 1170 791 1235 Haedui
813 1171 847 1235 in
868 1169 948 1236 fines
971 1171 1213 1236 Bellovacorum
1236 1173 1359 1237 intro-e

106 1276 257 1344 duxerint
284 1280 318 1342 et
347 1296 457 1343 eorum
487 1295 581 1360 agros
611 1277 757 1361 populari
781 1277 950 1361 coeperint.
996 1276 1078 1344 Cum
1100 1278 1151 1342 his
1173 1278 1334 1344 mandatis

106 1403 182 1450 eum
206 1385 246 1449 ab
270 1402 304 1448 se
327 1383 471 1449 dimittit.
516 1383 695 1466 Postquam
717 1401 827 1448 omnes
849 1383 1026 1466 Belgarum
1048 1385 1154 1467 copias
1177 1385 1211 1449 in
1234 1402 1359 1449 nnuma

105 1491 214 1556 locum
236 1492 362 1556 coactas
386 1490 427 1555 ud
450 1509 484 1554 se
507 1490 615 1555 venire
639 1490 718 1555 vidit
740 1509 845 1572 neque
860 1490 933 1555 ¹iam
946 1491 1048 1573 louge
1077 1491 1187 1556 abesse
1217 1492 1257 1556 ab
1286 1491 1335 1568 iis,

107 1611 189 1680 quos
207 1596 350 1674 miserat
373 1597 625 1681 exploratoribus
642 1598 675 1661 et
690 1597 729 1661 ab
745 1597 855 1660 Remis
871 1598 1025 1679 cognovit,
1048 1596 1169 1662 flumen
1183 1600 1335 1675 Axonam,

107 1703 193 1787 quod
217 1705 269 1770 est
289 1703 324 1767 in
347 1703 496 1768 extremis
520 1703 695 1769 Remorum
717 1702 849 1780 finibus,
880 1704 1055 1769 exercitum
1076 1704 1244 1769 traducere
1267 1723 1336 1769 me-

106 1811 230 1876 turarit
252 1811 350 1892 atque
373 1810 417 1875 ibi
441 1811 548 1875 castra
570 1810 686 1893 posuit.
732 1807 821 1888 Quae
845 1827 896 1874 res
920 1812 953 1874 et
975 1811 1062 1875 latus
1091 1829 1192 1875 unum
1215 1812 1360 1876 castro-⁵

106 1937 181 1983 rum
208 1918 287 2002 ripis
317 1916 458 1982 fluminis
480 1917 647 1982 muniebat
671 1919 717 1994 et,
747 1917 821 1999 post
844 1934 918 1980 eum
943 1935 1024 1998 quae
1048 1918 1171 1995 essent,
1200 1920 1273 1982 tuta
1296 1918 1336 1982 ab

107 2025 253 2090 hostibus
277 2023 431 2088 reddebat
453 2024 494 2100 et,
518 2023 716 2087 commeatus
740 2022 780 2087 ab
803 2023 913 2087 Remis
936 2024 1132 2105 reliquisque
1155 2024 1336 2090 civitatibus

107 2133 146 2196 ut
168 2131 236 2196 sine
259 2130 401 2214 periculo
424 2129 465 2194 ad
489 2147 563 2194 eum
585 2129 705 2212 portari
727 2130 866 2212 possent,
891 2128 1055 2195 efficiebat.
1089 2129 1129 2194 In
1145 2149 1181 2195 ao
1204 2129 1362 2194 flumineo
1398 2135 1400 2140 '

109 2338 257 2396 Germanou
274 2341 378 2396 lxdnncn
397 2341 439 2394 die
456 2341 552 2395 Renum
569 2340 658 2394 niclrts
676 2340 846 2395 Bestimmtes
864 2340 974 2408 melden,
994 2341 1107 2396 sondom
1124 2341 1193 2396 blois
1212 2342 1337 2410 augebam

109 2446 162 2484 aas
180 2430 218 2483 sie
237 2429 408 2499 „glaubcn“;
427 2428 548 2484 warum?

179 2517 260 2586 Καρ.
281 2518 311 2574 5.
348 2530 369 2572 1.
389 2517 558 2587 cohortatus]
572 2516 632 2572 Anl.
646 2517 676 2572 1⁴¹.
691 2547 725 2556 -
740 2518 812 2586 elqm
826 2517 977 2572 liberaliter
990 2518 1116 2573 oratioue
1128 2519 1268 2588 prosequi]
1284 2535 1338 2586 „an

105 2605 168 2675 jem.
192 2606 356 2660 ireundliche
377 2606 471 2661 Worte
495 2606 630 2660 richten“.
656 2636 690 2645 —
714 2607 878 2677 principum
903 2607 1012 2674 liberos]
1038 2607 1076 2660 ist
1097 2606 1208 2676 Subjekt
1232 2625 1264 2662 zu
1287 2607 1338 2663 ad·

108 2695 184 2751 duci.
204 2725 239 2734 —
259 2695 298 2750 ad
317 2695 398 2764 diem]
409 2696 487 2763 ·‚,aui
502 2695 552 2750 den
570 2695 657 2764 Tag“‚
676 2694 751 2754 dorin
769 2696 834 2749 eben
853 2695 924 2763 zeigt
942 2695 998 2748 sich
1017 2695 1059 2749 die
1077 2696 1283 2751 Ptinktlichkeit.

182 2795 207 2839 2.
230 2801 393 2854 maumopere
411 2785 562 2853 cohortare]
587 2785 781 2854 „eindringlich
799 2784 941 2839 zurcdcu“.
967 2813 1001 2823 -
1027 2784 1132 2853 doecre]
1156 2785 1178 2852 1,
1196 2787 1240 2852 43,
1258 2786 1284 2840 4.
1303 2815 1338 2824 -

108 2879 217 2942 qrsamto
283 2873 374 2943 opere]
397 2874 445 2942 (ε
463 2875 641 2944 quantopere)
659 2873 733 2941 giobt
751 2873 801 2927 don
816 2871 888 2928 Grad
905 2890 947 2941 an,
966 2873 1015 2928 uria
1033 2874 1176 2944 wichtig
1193 2891 1222 2928 cs
1239 2875 1284 2928 ist.
1304 2903 1338 2914 -

108 2963 262 3018 meraris
278 2963 390 3031 salama]
410 2964 462 3032 agl.
481 2963 558 3019 sabas
576 2963 598 3031 Ι,
616 2964 661 3031 31,
681 2964 705 3018 1.
725 2992 758 3002 -
782 2979 883 3018 mareas
963 2962 1144 3032 distineatur]
1164 2963 1227 3030 „dio
1245 2962 1339 3016 Struit—

108 3052 196 3106 kriste
213 3052 318 3106 werden
336 3055 472 3121 (getrennt
489 3051 623 3121 gehalten)
642 3068 675 3105 an
695 3051 742 3107 dor
754 3052 933 3121 Vereinigung
949 3050 1119 3120 gohindcrt“.
1139 3081 1172 3090 -
1191 3053 1338 3122 constipem-

108 3140 177 3196 dam
194 3141 248 3209 eat]
269 3157 352 3209 „man
369 3141 439 3196 mnis
457 3142 513 3195 sich
531 3141 685 3210 sublegen“.

181 3243 207 3286 4.
231 3231 265 3285 irs
282 3247 373 3286 mum
390 3231 489 3300 domm]
513 3232 551 3285 ist
568 3231 596 3284 in
614 3230 673 3284 dem
691 3230 806 3284 Verbum
826 3229 1016 3299 ,‚verainigeu“
1035 3229 1116 3284 sehon
1133 3229 1270 3298 goniigend
1289 3229 1340 3283 mit

109 3319 297 3388 ansgcdrb'ckt.
326 3347 365 3360 -·
387 3320 489 3387 omme]
518 3319 709 3388 „anrticlxcn“;
737 3319 777 3374 ad
802 3320 841 3374 ist
868 3319 923 3374 also
950 3319 979 3373 in
1003 3318 1168 3373 leindlicbcm
1193 3318 1272 3372 Sinna
1296 3333 1339 3386 ge

109 3408 232 3464 braucht.
258 3437 293 3448 —
317 3409 415 3479 meque]
439 3409 501 3464 teile
519 3410 547 3463 in
565 3414 593 3463 et
610 3409 672 3476 (mit
689 3409 817 3479 copreovit
834 3426 866 3462 zu
884 3407 1036 3470 vorbindon]
1053 3407 1108 3461 und
1125 3423 1183 3461 mom
1200 3409 1243 3475 (zu
1262 3407 1340 3476 lorepe

108 3497 244 3567 gehdrig)l
272 3527 307 3538 -
332 3499 368 3553 ab
390 3498 439 3567 iis]
463 3499 502 3553 ist
524 3497 600 3554 nicht
617 3498 716 3566 regiert
733 3515 781 3552 von
802 3499 900 3552 abessa
927 3526 960 3536 -
986 3512 1053 3565 quoe
1074 3495 1198 3564 miserat]
1223 3494 1283 3549 Anl.
1302 3495 1339 3562 Β,

109 3587 206 3641 abanec
229 3586 345 3641 nachher
362 3587 438 3656 qaod
454 3593 502 3643 est.
526 3616 560 3626 -
584 3586 779 3656 eopioratores]
802 3587 823 3651 Ι,
843 3587 886 3652 12,
904 3586 930 3640 2.
955 3615 988 3632 .-
1012 3586 1116 3653 tiamem
1132 3583 1273 3650 mam]
1298 3584 1340 3636 be-

109 3676 189 3744 ginnt
212 3675 262 3730 den
280 3675 431 3746 Hauptsata
453 3675 508 3730 und
530 3677 568 3730 ist
590 3676 638 3730 wic
660 3676 728 3730 auch
746 3675 895 3730 exereitum
913 3674 1046 3743 abhingig
1063 3690 1113 3727 von
1132 3673 1285 3728 traducere.
1306 3701 1339 3710 —-

108 3765 276 3832 memorarit]
294 3763 355 3819 Anl.
374 3764 403 3820 C.

185 3866 210 3906 c.
233 3870 305 3923 quae
326 3853 382 3921 ree]
408 3853 501 3920 „diosa
522 3852 700 3922 Malsregel“;
725 3853 841 3921 gestalte
864 3852 907 3907 die
930 3852 1067 3921 folgenden
1090 3850 1168 3915 Situs
1191 3851 1287 3921 passis,
1311 3866 1340 3905 so

110 3942 170 3996 dats
189 3942 247 3996 also
265 3943 343 3997 iatrm
360 3942 523 4011 („Elanlxe“)
540 3959 630 3996 amare
648 3942 695 3995 dos
713 3945 783 3995 orate
802 3941 913 4010 Subjclxt
931 3940 1010 3995 wird!
1031 3971 1063 3980 -
1082 3939 1235 4006 muniebat]
1255 3939 1276 4006 Ι,
1296 3939 1340 4007 38,

109 4031 191 4086 4.'-
208 4036 274 4102 post
293 4036 319 4086 te
337 4047 408 4100 qaae
425 4030 502 4100 aaut]
521 4032 603 4099 „dein
620 4031 748 4085 Riiclxen“
768 4031 830 4086 oder
849 4031 907 4099 „du
923 4031 960 4085 im
976 4030 1115 4085 Riielxen“.
1139 4059 1173 4068 -
1197 4029 1245 4083 Boi
1262 4033 1341 4084 tortam

111 4120 187 4174 steht
211 4120 253 4174 die
270 4120 370 4174 Person
394 4120 456 4175 oder
473 4120 568 4188 Sueba,
593 4137 652 4174 vor
669 4121 780 4177 walrlrer
802 4137 863 4174 man
885 4120 997 4189 godeclxt
1018 4120 1068 4186 ist,
1093 4119 1144 4172 mit
1162 4135 1188 4172 a.
1215 4148 1247 4156 -
1272 4117 1342 4172 Kon-

110 4209 239 4264 struiere:
264 4213 290 4264 et
314 4206 461 4277 efficiebat,
484 4215 517 4263 at
541 4214 706 4264 commeatus
725 4213 906 4278 ...possent
932 4238 966 4248 —
991 4206 1167 4275 commeatus]
1191 4207 1228 4260 im
1250 4207 1341 4261 Plural

109 4298 190 4352 meist
209 4295 421 4368 ‚,Trensporta“.

184 4399 209 4442 t.
228 4387 262 4442 im
280 4401 312 4441 eo
329 4387 443 4455 {lammae
459 4402 532 4456 poros
551 4387 622 4455 erat]
641 4385 758 4441 Benutzo
772 4387 922 4455 ‚,l1ihren“!
941 4416 975 4425 -
994 4385 1027 4440 iro
1039 4384 1227 4452 altitudinem]
1246 4384 1341 4453 gehdrt
