3134 4922
260 394 313 454 124
749 395 788 449 De
806 394 874 450 bello
893 394 993 450 Gallico

259 575 368 622 rerum
385 575 481 620 cause
497 556 662 621 traducere
687 557 860 621 exercitum
877 558 1095 647 constitueret,
1119 560 1157 622 ut
1173 557 1344 623 Germanis
1366 561 1502 624 metum

254 665 400 741 iniceret,
423 665 461 727 ut
484 663 677 744 Sugambros
701 663 922 740 ulcisceretur,
957 665 995 726 ut
1017 663 1117 728 Ubios
1141 665 1303 729 obsidione
1327 666 1503 743 liberaret,

261 770 371 834 diebus
396 771 521 833 omnino
545 768 654 833 decem
678 771 710 833 ct
733 771 802 833 octo
826 771 922 833 trans·
939 769 1087 833 Rhenum
1118 773 1316 855 consumptis
1347 773 1432 836 satis
1463 776 1503 837 et

260 877 300 940 ed
324 876 454 940 laudem
478 878 510 940 et
541 875 578 939 ad
609 875 784 940 utilitatem
813 875 990 958 profectum
1022 877 1196 940 arbitratus
1227 897 1260 941 se
1292 879 1324 940 in
1350 878 1500 944 Galliam

260 983 382 1067 recepit
403 985 597 1065 pontemque
620 982 757 1046 rescidit.
1256 975 1259 980 ’

202 1095 248 1154 20
351 1091 497 1170 Exigua
518 1091 608 1171 parte
634 1089 767 1152 aestatis
790 1089 913 1170 relique
937 1088 1064 1168 Caesar,
1088 1090 1149 1154 etsi
1171 1091 1204 1153 in
1227 1091 1277 1154 his
1294 1093 1381 1170 locis,
1409 1094 1499 1173 quod

260 1197 362 1260 omnis
381 1194 485 1260 Gallia
509 1194 548 1258 ad
566 1196 797 1278 septentriones
824 1195 935 1276 vergit,
959 1198 1105 1260 maturae
1127 1199 1203 1260 sunt
1225 1198 1357 1275 hiemes,
1380 1201 1499 1264 tamen

261 1303 294 1365 in
322 1301 524 1365 Britanniam
561 1301 716 1384 proficisci
752 1301 928 1378 contendit,
969 1302 1053 1383 quod
1082 1303 1227 1366 omnibus
1258 1303 1324 1368 fere
1358 1305 1501 1370 Gallicis

261 1408 352 1472 bellis
376 1407 520 1470 hostibus
548 1407 666 1471 nostris
696 1407 769 1472 inde
793 1408 1037 1472 subministrate
1068 1410 1183 1472 auxilia
1210 1410 1421 1492 intellegebat
1453 1415 1500 1487 et,

233 1514 288 1577 usi
312 1516 440 1595 tempus
465 1513 539 1576 enni
563 1512 601 1576 ad
625 1514 746 1577 bellum
770 1513 944 1595 gerendum
968 1514 1132 1592 deficeret,
1155 1517 1265 1580 tamen
1288 1536 1406 1598 magno
1432 1519 1498 1582 sibi

260 1619 335 1683 usui
358 1618 423 1683 fore
448 1619 671 1696 arbitrabatur,
696 1620 837 1683 simodo
860 1620 999 1685 insulam
1023 1621 1157 1699 adisset,
1188 1641 1291 1704 genus
1321 1624 1495 1688 hominum

260 1725 490 1809 perspexisset,
512 1725 601 1802 loca,
629 1727 762 1806 portus,
787 1726 892 1790 aditus
916 1727 1130 1808 cognovissem
1167 1747 1248 1810 quae
1282 1731 1388 1793 omnia
1425 1730 1497 1796 fere

233 1830 363 1896 eGallis
387 1833 478 1895 erant
507 1831 676 1911 incognite.
729 1832 840 1914 Neque
872 1833 955 1896 enim
988 1835 1108 1899 temere
1138 1838 1266 1917 praeter
1295 1839 1496 1902 mercatores

258 2008 363 2061 Zwecke
381 2025 409 2061 er
427 2007 540 2061 erreicht
556 2007 612 2074 het,
632 2007 715 2075 geben
734 2007 775 2061 dio
793 2007 869 2062 Setze
887 2010 938 2062 mit
955 2015 988 2064 ut
1068 2015 1102 2063 ut
1181 2016 1215 2064 ue
1296 2013 1429 2068 liberaret
1448 2031 1493 2081 en,

258 2096 299 2150 die
318 2097 365 2150 wir
383 2097 434 2148 mit
452 2095 611 2163 „niimlich“
631 2096 763 2150 einleiteu
783 2125 816 2134 —
835 2098 934 2152 ulcisci
954 2098 1020 2165 alm]
1041 2100 1067 2164 1)
1082 2099 1145 2165 „fiir
1160 2099 1222 2167 jem.
1237 2099 1326 2153 Raehe
1340 2101 1492 2168 nehmen¹‘;

258 2187 285 2251 2)
305 2203 363 2252 „en
378 2185 440 2254 jem.
458 2185 546 2238 Rache
565 2185 684 2251 uehmen,
703 2185 749 2238 ihn
768 2186 899 2240 strafen“.
936 2188 1043 2242 Welche
1060 2188 1218 2256 Bedeutung
1236 2188 1294 2241 hier
1312 2189 1396 2258 pelet,
1417 2191 1493 2244 lehrt

256 2273 323 2343 Kap.
338 2275 381 2340 16,
396 2273 475 2327 2-4.
495 2303 528 2312 -
548 2274 666 2341 obsidio]
684 2274 836 2328 bezeichnet
853 2276 890 2328 im
908 2277 1030 2330 weltereu
1047 2275 1126 2330 Sinnc
1141 2276 1201 2345 jede
1220 2276 1386 2346 Bedriinguis
1405 2279 1490 2332 durch

256 2362 359 2416 Feinde.
389 2392 434 2400 ..,
451 2363 547 2416 diebus
628 2363 802 2432 consumptis]
821 2363 881 2417 Aul.
900 2363 952 2430 L²;
981 2382 1027 2419 vor
1045 2365 1149 2433 diebus,
1172 2365 1222 2418 mit
1241 2366 1300 2419 dem
1319 2367 1366 2419 der
1383 2366 1490 2438 Haupt-

257 2454 314 2504 satz
333 2451 450 2519 beginnt,
470 2451 573 2504 schiebe
591 2452 749 2505 arbitratus
766 2452 838 2519 (Aul.
853 2451 902 2518 ΙΝ)
921 2453 975 2507 ein!
1014 2471 1169 2509 consumere
1188 2455 1403 2523 „verbringen“;
1424 2473 1489 2511 corr-

255 2540 329 2595 surne'
347 2539 413 2593 laist
431 2540 487 2593 sich
505 2540 544 2593 oft
562 2540 629 2592 auch
643 2540 693 2592 mit
712 2541 917 2608 „verstreichen
937 2542 1105 2596 verflieisen“
1126 2544 1288 2598 iibereetzen.
1309 2575 1343 2582 —
1363 2547 1489 2614 omnino]

257 2647 277 2683 s.
296 2629 362 2699 Kap.
378 2629 403 2695 1,
423 2629 448 2682 9.
469 2657 500 2666 —
520 2630 591 2682 sute'e
671 2629 709 2681 ad
728 2629 837 2683 laudem
913 2630 1069 2698 profectum
1087 2631 1174 2700 (esee)J
1192 2632 1277 2700 hengt
1296 2650 1345 2687 von
1364 2633 1488 2690 arbitru-

256 2724 302 2772 tue
319 2718 364 2784 eb;
380 2717 537 2786 profectum
555 2717 617 2770 leite
636 2717 711 2770 nicht
729 2734 778 2770 von
793 2718 933 2786 proficisci
951 2719 998 2771 ab!
1027 2719 1066 2772 ed
1085 2719 1194 2774 leudem
1213 2721 1276 2787 „fir
1296 2722 1346 2775 den
1364 2723 1489 2794 Ruhm‘fl

788 2853 838 2933 ΙΙΙ.
868 2852 956 2934 leil.

725 2969 757 3019 K
767 2984 786 3019 e
794 2983 824 3030 p.
844 2969 864 3020 2
876 2971 897 3021 0
908 2997 941 3005 -
952 2971 971 3021 3
982 2970 1009 3021 6.

665 3069 687 3117 1.
702 3068 854 3117 Abrchnitt:
873 3071 937 3132 Kep.
958 3071 1072 3118 20-22.

327 3159 405 3228 Καρ.
422 3159 470 3218 ab.
512 3174 533 3215 ι.
553 3162 654 3229 exigue
669 3167 752 3230 parte
830 3162 950 3231 reliqua]
969 3163 1017 3216 hat
1034 3164 1202 3217 konzessiven
1222 3163 1287 3217 Sinn
1311 3165 1366 3218 und
1384 3166 1422 3218 ist
1442 3166 1484 3219 da-

255 3249 303 3302 her
321 3249 370 3302 mit
389 3251 440 3303 etsi
519 3255 584 3304 eunt
602 3250 707 3318 hiemes¹
719 3251 1004 3317 zusammeuzuziehen3
1024 3252 1075 3320 vgl.
1094 3251 1155 3306 Anl.
1174 3249 1228 3306 ΜΒ.
1249 3283 1282 3290 -
1309 3269 1417 3322 verpere
1436 3254 1485 3322 ad]

255 3337 404 3390 bezeichnct
432 3338 471 3391 oft
499 3339 540 3392 die
567 3339 637 3406 Lege
665 3339 732 3392 nach
759 3339 831 3392 einer
848 3339 984 3408 Richtung
1010 3341 1065 3393 hin.
1093 3370 1125 3378 —
1154 3342 1294 3409 maturus]
1324 3344 1352 3407 1)
1378 3344 1485 3409 ‚‚reif“;

255 3425 284 3490 2)
304 3425 518 3494 „(frdh)zeitig“.
547 3458 580 3466 —
609 3427 719 3494 hiemes]
738 3427 797 3480 Wir
814 3431 901 3481 sctzen
920 3428 969 3482 den
989 3429 1060 3497 Sing.
1086 3458 1117 3466 -
1144 3429 1295 3498 proficisci]
1315 3429 1376 3485 Aul.
1396 3431 1429 3485 U.
1450 3462 1481 3469 —

204 3521 210 3533 “
255 3513 407 3580 contendit]
422 3514 472 3567 mit
480 3515 610 3569 Infinitiv:
626 3516 693 3582 ,auf
704 3518 784 3568 etwas
797 3516 936 3583 bechehem
951 3519 1031 3570 etwas
1045 3517 1248 3571 nachdrdclrlich
1264 3519 1439 3573 versuchen“.
1452 3548 1483 3556 -—

255 3601 420 3671 intellegere]
440 3604 563 3657 zuweilen
583 3629 614 3646 =
635 3605 713 3659 seire.

328 3701 351 3744 2.
371 3690 477 3758 depicto]
505 3694 531 3756 1)
555 3693 606 3745 mit
633 3693 687 3746 und
715 3693 781 3746 ohne
809 3695 969 3763 abaliquo:
1000 3695 1166 3761 „abtrtinnig
1188 3694 1304 3762 werden,
1332 3696 1484 3762 abfellen“;

255 3779 282 3842 2)
300 3778 351 3831 mit
370 3779 423 3830 und
442 3779 509 3832 ohne
527 3782 595 3834 clm:
616 3781 731 3848 „fehlen,
750 3783 889 3850 ausgchcu,
909 3783 984 3836 nicht
1002 3783 1186 3837 ausreicheu“.
1206 3813 1239 3822 —
1259 3785 1328 3838 mibi
1346 3786 1414 3838 usui
1434 3785 1483 3851 eet]

255 3867 308 3920 fast
326 3891 360 3910 =
378 3867 447 3921 mibi
475 3885 507 3922 ex
533 3885 588 3922 cece
615 3875 656 3923 ecl
685 3887 735 3936 „es
760 3871 797 3924 ist
822 3872 872 3924 mir
890 3889 939 3925 von
958 3871 1078 3937 Nutzen,
1098 3872 1262 3939 vorteilhaft,
1283 3873 1429 3927 dienlieh“.
1450 3901 1482 3910 —

254 3955 345 4022 adire]
366 3955 518 4023 „landen“;
545 3957 650 4024 Pldtze,
680 3959 721 4011 die
740 3959 806 4012 decu
823 3960 945 4028 geeignet
963 3960 1035 4025 sind,
1063 3959 1164 4014 heissen
1187 3961 1303 4014 nachher
1322 3961 1428 4016 aditus.
1449 3991 1481 4000 -

252 4060 341 4114 gerens
359 4043 511 4111 bominum]
531 4045 817 4116 „Menschenschleg“.
839 4077 869 4085 -
895 4049 967 4117 beu]
986 4048 1087 4102 heissen
1106 4049 1146 4102 ost
1163 4039 1365 4117 Ortlichlreiten‚
1385 4051 1484 4104 welche

253 4132 410 4185 milititrisch
428 4133 535 4201 wichtig
554 4133 620 4188 sind.
641 4163 672 4173 -
693 4152 764 4204 geue
783 4137 886 4204 onznia]
907 4137 1017 4204 „lenter
1035 4137 1132 4206 Dingc‚
1151 4137 1247 4191 welche
1267 4140 1335 4192 ...“.
1356 4169 1390 4176 —
1414 4139 1484 4207 sere]

239 4221 348 4290 ,gehdrt
365 4221 440 4275 nicht
458 4239 489 4276 zu
508 4223 608 4276 omnia.

328 4323 350 4364 e.
369 4327 455 4379 neque
474 4311 558 4378 enim]
577 4312 651 4364 steht
668 4312 743 4365 nicht
761 4313 788 4365 in
806 4313 956 4382 Beeiehung
975 4331 1006 4367 zu
1021 4315 1079 4368 dem
1098 4314 1235 4382 folgenden
1254 4331 1348 4384 neque,
1368 4316 1484 4370 sondern

250 4415 340 4468 aeque
359 4401 458 4453 ersetzt
476 4415 521 4453 vor
545 4400 617 4453 enim
636 4399 683 4453 das
701 4401 816 4454 einfache
834 4417 899 4456 non.
928 4431 961 4440 —
989 4419 1047 4456 non
1066 4403 1174 4471 temere]
1200 4404 1297 4470 „nieht
1314 4404 1425 4459 leicht“.
1448 4435 1484 4442 -
