3134 4922
552 330 649 387 Comm.
667 331 716 400 111,
734 348 756 386 o.
776 331 890 386 15-18.
1299 328 1334 389 bt

102 493 192 570 bant,
215 493 326 575 portus
343 492 528 556 clauserunt
543 509 639 574 seque
657 511 731 557 oum
746 491 926 557 Viridovioe
942 491 1187 567 coniunxerunt3
1203 509 1359 573 magno-s

106 617 167 680 que
191 600 360 682 praeterea
381 597 556 663 multitudo
587 597 728 680 undique
759 617 797 663 ex
820 597 925 664 Gallia
948 598 1145 681 perditorum
1167 598 1334 662 hominum

105 706 334 787 latronumque
351 707 550 782 eonvenerat,
574 723 652 786 quos
676 723 748 788 spes
771 705 946 787 praedandi
970 705 1176 786 studiumque
1192 703 1335 769 bellandi

106 813 146 878 ab
182 812 381 894 agricultura
415 813 448 876 et
483 811 640 876 ootidiano
674 811 782 876 labore
816 812 994 879 revooabat.
1047 810 1184 876 Sabinus
1221 810 1361 876 idoneos

106 919 254 984 omnibus
285 918 381 982 rebus
410 919 479 982 loeo
509 917 622 982 eastris
654 935 723 982 sese
754 918 898 995 tenebat,
934 936 1007 983 eum
1029 917 1193 981 Viridovix
1219 919 1336 999 ¹eontra

107 1044 183 1090 eum
214 1024 315 1089 duum
344 1024 469 1088 milium
499 1024 602 1108 spatio
632 1023 828 1089 oonsedisset
851 1024 1028 1106 cotidieque
1051 1022 1214 1106 produotie
1239 1024 1335 1106 oopiis

106 1130 273 1215 pugnandi
295 1131 491 1214 potestatem
515 1129 642 1207 iaceret,
672 1131 798 1195 utiam
820 1149 884 1196 non
907 1131 1011 1194 solum
1034 1129 1180 1194 hostibus
1203 1129 1237 1192 in
1260 1148 1334 1208 oop-

107 1237 319 1320 temptionem
344 1236 480 1303 Sabinus
511 1237 649 1313 veniret,
681 1237 859 1302 sedetiam
884 1238 1068 1302 nostrorum
1089 1236 1230 1300 militum
1252 1237 1335 1300 vooi-

106 1345 167 1410 hus
198 1343 345 1434 nonnihil
374 1344 575 1426 carperetur3
611 1343 800 1425 tantamque
832 1342 1010 1426 opinionem
1033 1342 1156 1407 timoris
1178 1343 1360 1425 praebuite

108 1453 144 1515 ut
166 1451 234 1514 iam
258 1450 299 1514 ad
322 1450 443 1514 vallum
467 1452 645 1513 oastrorum
668 1449 777 1513 hostes
802 1447 949 1514 aooedere
974 1448 1136 1514 auderent.
1180 1448 1219 1512 Id
1243 1467 1280 1514 ea
1296 1449 1359 1513 der

107 1575 206 1622 eausa
229 1556 383 1632 faoiebat,
406 1555 491 1637 quod
515 1574 589 1620 oum
612 1557 705 1620 tanta
727 1555 935 1619 multitudine
958 1555 1115 1632 hostium,
1144 1557 1334 1639 praesertim

107 1682 142 1728 eo
167 1663 310 1740 absente,
336 1662 392 1744 qui
414 1680 575 1726 summum
597 1661 722 1744 imperii
745 1663 878 1739 teneret,
900 1662 963 1726 nisi
986 1680 1087 1744 aequo
1109 1661 1177 1726 loeo
1201 1663 1259 1726 aut
1281 1681 1335 1745 op-

106 1769 307 1854 portunitate
332 1769 440 1850 alique
463 1765 539 1832 data
562 1768 668 1850 legato
692 1767 909 1834 dimicandum
931 1786 995 1832 non
1018 1768 1229 1832 existimabat.

196 1875 269 1940 Hae
285 1875 471 1940 oonfirmata
486 1874 630 1957 opinione
647 1874 770 1939 timoris
785 1873 936 1938 idoneum
953 1873 1111 1956 quendum
1126 1875 1288 1940 hominem
1304 1877 1336 1940 et
1346 1874 1388 1935 18

107 1983 263 2048 oallidum
279 1981 405 2065 delegit,
430 1980 561 2046 Gallum
584 1999 622 2046 ex
644 1981 693 2059 iis,
717 1999 795 2063 quos
820 1981 929 2046 auxilii
952 1999 1048 2046 eausa
1064 1999 1173 2046 seeum
1188 1982 1335 2047 habebat.

106 2089 191 2154 Huio
214 2087 342 2170 magnis
364 2089 514 2171 praemiis
536 2087 880 2170 pollicitationibusque
902 2087 1082 2171 persuadet,
1105 2088 1154 2151 uti
1171 2087 1211 2151 ad
1225 2088 1361 2152 hostes2
1419 2111 1424 2123 ·

105 2196 262 2271 transeat,
287 2196 328 2272 ot,
352 2194 429 2276 quid
450 2193 519 2258 fieri
542 2193 628 2272 velit,
653 2194 771 2260 edooet.
817 2192 881 2272 Qui
903 2194 958 2258 ubi
980 2212 1037 2278 pro
1060 2193 1195 2277 perfuga
1218 2195 1258 2258 ad
1282 2209 1360 2259 eoea

4 2303 5 2306 ’
107 2302 204 2379 venit,
229 2301 380 2366 timorem
395 2300 612 2364 Romanorum
634 2300 790 2384 proponit,
814 2300 930 2381 quibus
954 2300 1110 2382 angustiis
1133 2300 1201 2383 ipse
1217 2300 1336 2366 Caesar

107 2407 287 2474 aVenetis
310 2408 490 2489 promatur,
521 2405 628 2483 dooet,
657 2424 761 2488 neque
784 2405 911 2487 longius
935 2407 1060 2484 abesse,
1093 2407 1170 2488 quin
1192 2407 1360 2489 proximas

106 2560 325 2572 ——--—·-

179 2669 205 2710 ⁴.
224 2653 350 2724 undique
368 2668 402 2708 eo)
423 2652 532 2722 Gallia]
551 2669 622 2720 „aue
640 2653 709 2708 allen
727 2652 817 2706 Teileu
835 2651 986 2707 Galliene“.
1010 2682 1043 2693 -
1067 2653 1176 2722 perditi
1203 2653 1335 2721 bombtes]

107 2743 290 2814 ,‚Gesindel“.
310 2771 345 2782 -
362 2741 497 2810 audium]
517 2741 605 2810 „Luet
621 2758 656 2811 pn
671 2742 741 2797 ...“.
760 2771 795 2780 -
813 2741 868 2796 Fur
885 2742 1009 2796 betlmadt
1027 2742 1075 2796 wie
1094 2742 1161 2796 auoh
1188 2743 1230 2796 fiir
1253 2758 1337 2812 prae·

107 2833 200 2889 dandi
228 2835 299 2888 eetze
326 2831 497 2886 substantive
524 2830 580 2884 ein!
606 2860 639 2870 -
668 2847 687 2885 a
711 2829 855 2886 cotidiano
879 2831 971 2886 boore
993 2831 1132 2899 revocure]
1158 2847 1232 2898 „von
1256 2831 1338 2900 regel-

106 2923 235 2992 mdseiger
252 2919 347 2976 Arbeit
364 2919 518 2974 abriehen“.

182 3023 206 3065 ι.
225 3009 351 3065 mbos
367 3007 457 3077 reboo]
475 3007 617 3062 Verwende
632 3007 817 3076 „Hineioht“t
837 3038 871 3048 -
890 3008 990 3063 cestrie
1003 3023 1031 3064 ee
1045 3007 1147 3073 tenere]
1162 3007 1220 3061 hier
1235 3007 1338 3076 „ruhig

106 3100 135 3172 in
153 3099 254 3154 soinenr
272 3098 356 3168 Inger
372 3097 505 3152 bleiben“.
525 3124 559 3135 —
578 3096 687 3166 coebo]
705 3095 834 3151 ruumlioh
852 3097 899 3152 wie
917 3096 984 3166 Καρ.
1003 3096 1029 3163 9,
1055 3095 1097 3150 10.
1117 3121 1151 3132 -·
1170 3091 1267 3167 duum]
1287 3112 1338 3150 nur

105 3189 173 3256 hier,
246 3187 381 3252 duorum
399 3202 420 3239 e.
439 3203 472 3239 zu
489 3185 594 3256 dispuli
617 3185 643 3253 I,
669 3187 700 3254 6,
723 3188 748 3241 1.
771 3215 809 3225 -
827 3185 981 3256 pupnaedt
999 3189 1164 3256 potestatem
1186 3184 1292 3252 faeere]
1315 3183 1337 3252 I,

3 3255 5 3266 '
106 3276 152 3344 oo,
171 3278 197 3332 1.
217 3304 252 3315 -
270 3275 303 3329 or
327 3274 551 3343 maneum
574 3273 666 3343 emo]
692 3274 758 3342 ‚uu
780 3274 866 3329 werae
887 3273 1060 3341 (ιιιωιιιιιιι)
1085 3272 1277 3328 vaanenu
1302 3301 1337 3311 -

106 3365 220 3422 ωσῶω
238 3379 351 3434 carpere
368 3362 460 3432 alem]
480 3362 550 3430 „suf
557 3362 620 3431 jem.
635 3362 781 3418 etioholn“.
799 3391 832 3402 -
853 3361 995 3430 moabie]
1013 3362 1124 3417 vertritt
1141 3361 1184 3416 ein
1200 3359 1314 3415 Adverb.

183 3466 208 3508 e.
227 3457 337 3508 tentam
353 3451 512 3521 opinionem
529 3451 638 3506 timoris
651 3450 780 3521 praebet]
801 3467 854 3519 „so
873 3450 935 3505 sehr
952 3453 1042 3520 erregt
1059 3467 1089 3504 er
1107 3450 1158 3504 den
1175 3448 1270 3504 Schein
1287 3465 1338 3504 von

107 3541 218 3610 Furnht,
237 3541 326 3595 meoht
343 3557 373 3596 or
390 3540 441 3595 den
458 3540 599 3607 Eindruok,
617 3540 658 3595 ule
676 3540 709 3594 ob
727 3557 757 3595 er
774 3539 831 3594 eieh
848 3539 981 3595 ffirohte“.

183 3643 208 3686 r.
235 3629 366 3684 Verbinde
383 3647 445 3686 oum
464 3634 546 3685 tonte
564 3627 747 3684 multitudine
829 3629 918 3699 tapeto
943 3627 1135 3684 &minandum
1158 3644 1217 3684 non
1243 3627 1338 3682 enidi-

107 3719 226 3776 maaet
243 3717 313 3787 (Anl.
328 3716 375 3786 Ob!
395 3748 429 3758 -
449 3719 512 3788 (eo)
530 3718 580 3786 qui
656 3716 771 3785 temnet]
790 3715 851 3772 Anl.
876 3715 909 3772 A.
933 3745 968 3756 -
993 3732 1081 3786 aequm
1106 3716 1176 3784 loeo]
1201 3715 1253 3785 „in
1273 3720 1338 3784 gtn·

108 3809 193 3878 stiget
210 3807 365 3877 Stellung“.
385 3833 418 3846 -
438 3807 515 3876 dari]
535 3805 615 3875 „sidu
631 3806 744 3860 bieton“
763 3803 835 3872 (Aul.
853 3804 897 3872 K).

180 3895 261 3965 [ιιι.
282 3895 331 3956 18.
371 3908 426 3950 ιιι.
447 3907 470 3950 u.
495 3894 669 3964 confirmem]
695 3895 860 3963 „beettrken
883 3893 943 3950 iu“.
969 3921 1003 3932 —
1026 3893 1133 3949 bembi
1150 3892 1249 3961 οαιωα]
1274 3891 1338 3960 „eie

107 3983 328 4058 Hiltstruppen‘t
348 4012 380 4024 -
400 3984 469 4054 qnid
486 3984 548 4052 ᾔειν·
565 3983 638 4053 odit]
656 3982 717 4038 Ani
735 3981 768 4038 A.
916 4031 918 4038 ,

182 4087 205 4130 8.
223 4090 277 4143 pro
289 4071 426 4144 persaepe]
446 4073 518 4141 „wie
535 4071 581 4126 ein
596 4061 784 4127 Uberltufer“.
803 4101 838 4111 -
862 4070 1028 4141 proponere]
1051 4069 1079 4138 1,
1105 4070 1155 4138 17,
1180 4071 1206 4126 1.
1230 4097 1264 4110 -·
1286 4085 1338 4124 aa·

104 4163 221 4234 autito]
240 4162 320 4218 stelle
338 4177 391 4230 um,
411 4178 440 4216 so
458 4159 517 4215 daie
535 4177 564 4216 ee
581 4177 632 4216 von
650 4161 728 4218 doen
745 4160 835 4216 direkt
852 4159 986 4230 abhdngig
998 4159 1078 4214 vird!
1097 4187 1132 4198 -
1150 4156 1289 4228 moabie
1302 4157 1338 4213 ob

108 4253 205 4324 aliquo
216 4250 324 4324 prmo]
343 4267 415 4319 „von
429 4249 578 4319 jemandem
595 4249 624 4306 in
641 4250 699 4304 eine
716 4249 847 4304 miieliohe
864 4249 935 4318 Lege
952 4247 1080 4316 gebracht
1098 4247 1186 4317 eein“.

179 4355 235 4398 en.
252 4354 278 4395 ι.
305 4354 391 4408 Μαι
409 4339 519 4410 denqiue
537 4339 635 4410 boo,
653 4337 735 4410 quin]
753 4338 804 4392 hut
820 4338 872 4393 den
890 4337 955 4392 Sinn
972 4353 1022 4392 von
1041 4336 1110 4406 „der
1128 4333 1252 4392 dodana
1269 4334 1337 4404 Ιίοςο
