3086 4920
502 361 599 417 Comm.
621 363 662 430 VI,
682 380 703 417 c.
723 365 836 419 26-29.
1228 361 1281 424 213

73 523 170 586 relatis
192 524 225 586 in
248 524 409 606 publicum
432 524 587 600 cornibus,
611 543 691 606 quae
716 526 780 588 sint
795 525 984 602 testimonio,
1007 545 1157 608 magnam
1173 526 1281 591 terunt
1318 557 1320 560 ·

72 629 197 693 laudem.
247 629 308 694 Sed
338 630 524 695 adsuescere
555 631 597 694 ad
624 632 766 697 homines
798 633 831 696 et
859 632 1061 697 mansuefieri
1088 652 1128 697 ne
1157 634 1303 716 parvulir

69 735 189 817 quidem
212 737 331 820 excepti
353 739 496 820 possunt.
541 737 724 820 Amplitudo
748 757 901 802 cornuum
925 742 957 803 et
979 739 1081 822 figura
1105 741 1137 805 et
1160 741 1304 824 speciesn

71 843 198 906 multum
221 861 239 906 a
261 845 444 907 nostrorum
467 845 563 909 boum
586 844 732 908 cornibus
761 844 874 908 differt.
919 845 1007 909 Haec
1036 846 1177 911 studiose
1208 862 1305 911 con-⁶

69 949 178 1030 quisita
201 950 241 1014 ab
263 950 360 1014 labris
377 954 508 1032 argento
525 951 779 1016 circumcludunt
795 953 891 1032 atque
907 952 941 1015 in
957 952 1161 1034 amplissimis
1178 953 1279 1035 epulis

70 1075 117 1138 pro
138 1057 257 1138 poculis
281 1059 425 1121 utuntur.

147 1165 302 1244 Caesar,
318 1166 488 1247 postquam
503 1183 560 1246 per
571 1164 669 1229 Ubios
686 1165 895 1248 exploratores
909 1165 1062 1248 comperit
1074 1164 1194 1230 Suebos
1211 1183 1279 1228 sese
1291 1164 1333 1225 29

69 1270 210 1334 insilias
233 1270 404 1354 recepisse,
428 1271 566 1354 inopiam
588 1270 740 1336 frumenti
764 1273 900 1348 veritus,
925 1271 1023 1353 quod,
1046 1273 1084 1335 ut
1107 1290 1203 1354 supra
1226 1271 1280 1335 de·

70 1377 315 1454 monstravimus,
338 1377 468 1441 minime
492 1395 600 1441 omnes
625 1375 777 1442 Germani
800 1378 1013 1459 agriculturae
1037 1378 1185 1454 student,
1208 1396 1280 1442 con-

69 1483 165 1547 stituit
187 1503 250 1548 non
272 1484 418 1568 progredi
440 1484 583 1566 longius;
608 1484 678 1561 sed,
707 1502 747 1548 ne
772 1485 897 1548 omnino
927 1487 1050 1548 metum
1078 1484 1199 1549 reditus
1231 1485 1305 1548 suia

70 1589 199 1654 barbaris
224 1591 350 1656 tolleret
374 1592 469 1672 atque
494 1592 531 1654 ut
561 1609 671 1654 eorum
700 1591 816 1655 auxilia
846 1590 1002 1667 tardaret,
1032 1591 1162 1655 reducto
1194 1609 1280 1655 exer-

68 1696 126 1760 citu
146 1699 271 1780 partem
294 1698 441 1762 ultimam
464 1697 584 1781 pontis,
608 1716 689 1779 quae
712 1698 797 1780 ripas
821 1698 975 1762 Ubiorum
1000 1698 1217 1780 contingebat,
1247 1698 1280 1760 in

70 1803 287 1884 longitudinem
311 1804 428 1887 pedum
452 1804 662 1869 ducentorum
684 1805 837 1868 rescindit
861 1806 957 1886 atque
980 1805 1013 1867 in
1029 1806 1169 1869 extremo
1184 1806 1304 1887 ponaer

70 1911 172 1974 turrim
200 1911 416 1975 tabulatorum
440 1913 592 1993 quattuor
622 1910 789 1975 const'tuit
817 1910 1072 1994 praesidiumque
1104 1911 1280 1975 cohortium

69 2016 224 2082 duodecim
247 2017 352 2100 pontis
376 2018 485 2082 tuendi
509 2036 605 2082 causa
627 2018 717 2100 ponit
739 2018 927 2100 magnisque
952 2037 1026 2082 eum
1047 2018 1153 2082 locum
1177 2019 1280 2081 muni-

70 2123 196 2188 tionibus
224 2123 340 2188 firmat.
390 2124 429 2187 lli
459 2125 526 2188 loco
556 2124 775 2207 praesidioque
805 2123 921 2189 Gaium
945 2124 1130 2192 Volcacium
1152 2125 1280 2188 Tullum

69 2229 293 2295 adulescentem
316 2230 475 2313 praefecit.
520 2231 609 2313 Ipse,
633 2249 706 2294 cum
734 2233 948 2294 maturescere
978 2229 1137 2294 frumenta
1163 2231 1302 2314 incipe-r

71 2339 138 2413 rent,
160 2337 200 2400 ad
223 2337 344 2402 bellurn
360 2338 548 2418 Ambiorigis
570 2335 730 2420 profectus
753 2356 810 2419 per
824 2336 1031 2401 Arduennam
1052 2337 1174 2413 silvam,
1199 2355 1279 2418 quae

70 2445 112 2505 est
131 2445 230 2508 totius
254 2444 376 2508 Galliae
399 2445 538 2508 maxima
562 2444 656 2525 atque
681 2445 720 2508 ab
744 2443 819 2526 ripis
843 2443 946 2508 Rheni
968 2443 1147 2525 finibusque
1167 2443 1281 2507 Treve-

71 2567 166 2614 rorum
189 2551 229 2614 ad
253 2551 385 2614 Nervios
408 2550 546 2633 pertinet
568 2550 760 2631 milibusque
785 2550 921 2632 amplius
946 2549 1127 2631 quingentis
1150 2549 1184 2612 in
1213 2549 1280 2613 lon-

69 2655 235 2735 gitudinem
265 2659 369 2740 patet,
392 2657 526 2722 Lucium
549 2657 726 2721 Minucium
748 2657 894 2720 Basilum
918 2675 991 2720 cnm
1019 2657 1104 2719 omni
1134 2655 1280 2736 equitatu

71 2764 245 2842 praemittit,
270 2765 295 2827 si
320 2764 396 2845 quid
419 2764 580 2828 celeritate
603 2763 725 2827 itineris
750 2765 846 2844 atque
870 2763 1104 2845 opportunitate
1129 2761 1279 2844 temporis

111 3010 202 3079 napta]
217 3012 264 3065 wie
273 3011 340 3082 Kap.
350 3011 392 3094 23,
403 3012 428 3064 2.
444 3041 476 3049 -
492 3011 597 3080 captos]
612 3010 672 3066 Anl.
684 3009 715 3065 G.
727 3040 758 3049 -
774 3011 872 3064 relatis
882 3051 887 3062 .
897 3052 902 3063 .
912 3052 918 3063 .
929 3009 1069 3077 coraibus]
1079 3009 1139 3063 Anl.
1150 3007 1190 3063 Li
1201 3039 1233 3047 —
1249 3009 1281 3063 iu

69 3098 211 3168 publium]
230 3099 295 3153 Fast
312 3117 363 3153 nur
381 3100 431 3154 mit
443 3100 550 3170 Priipcs.
565 3099 665 3154 kommt
675 3100 818 3170 pubiicum
831 3099 867 3152 im
882 3098 960 3153 Sinna
974 3115 1023 3152 von
1038 3096 1177 3152 Gemeindc
1192 3115 1243 3151 vor.

134 3200 207 3242 4-o.
223 3189 364 3257 parvulus
381 3194 509 3257 acceptus
528 3189 577 3256 ast]
603 3205 652 3256 „cr
669 3188 707 3242 ist
724 3205 790 3257 ganz
807 3188 874 3257 jung
892 3187 1074 3256 weggcfangan
1094 3187 1226 3241 worden“.
1246 3215 1280 3225 -

69 3263 225 3345 amplitudo]
250 3293 308 3330 vom
326 3276 453 3345 Umfang;
479 3277 525 3330 das
543 3275 709 3346 Adjectirum
732 3277 846 3330 nachher
869 3293 925 3330 vom
954 3275 1044 3331 Glanz.
1070 3305 1104 3314 -
1128 3275 1163 3330 ab
1183 3273 1280 3343 labris]

72 3363 111 3416 uie
127 3365 189 3436 Kap.
208 3368 252 3433 27,
271 3367 290 3420 4
307 3366 342 3421 ab
359 3365 503 3422 radicibus
521 3367 567 3420 auf
583 3366 624 3420 dic
642 3365 725 3436 Frage
743 3366 803 3419 wo?
828 3394 860 3402 -
884 3362 1119 3433 cuaamcluduat]
1143 3364 1200 3416 Wir
1217 3363 1281 3417 ibn·

71 3450 116 3506 lich
133 3456 310 3522 „cinfasscn“.

498 3575 522 3624 8.
541 3576 692 3624 Absnhnitt:
716 3577 780 3632 Itan.
799 3574 841 3623 29.

133 3668 207 3738 Καρ.
227 3668 277 3723 29.
318 3681 369 3722 111.
387 3679 409 3722 2.
428 3669 549 3737 minima]
569 3669 614 3722 des
630 3667 801 3722 Nachdruclrs
819 3667 910 3721 lralbcr
928 3683 978 3720 von
996 3667 1092 3720 soinem
1106 3667 1221 3720 Verbum
1238 3683 1281 3736 ge-

72 3757 158 3811 trennt.
177 3789 210 3796 —
230 3758 375 3813 conutitbit
442 3758 561 3828 bapino]
581 3758 683 3811 schicbe
702 3773 747 3811 vor
765 3756 892 3825 inopiam
909 3756 964 3809 ein!
984 3786 1017 3795 -
1041 3771 1075 3810 aa
1141 3756 1280 3824 tardaret]

71 3859 89 3896 s.
107 3863 133 3899 zu
150 3864 183 3900 aa
262 3853 403 3916 caperetur
421 3847 452 3913 V,
471 3846 496 3913 l,
517 3848 541 3900 1.
561 3877 595 3885 -
614 3846 735 3914 aaaiiia]
755 3845 1078 3916 ‚‚Truppansendungen“.

135 3949 156 3992 a.
171 3935 394 4004 atremnspoaa]
409 3937 436 4000 1)
447 3935 509 4002 „die
519 3935 690 3990 cntferntcsta
698 3935 833 4001 Brdcke“;
848 3935 876 4000 2)
891 3934 960 4001 „das
969 3933 1041 3988 Ende
1051 3933 1237 3988 derBr'dcke“.
1246 3963 1279 3973 -

71 4021 268 4092 dulescentem]
286 4025 318 4091 V,
337 4025 379 4092 20,
399 4025 423 4078 1.

134 4127 185 4168 aa,
203 4128 225 4167 a.
244 4129 295 4182 par
312 4114 495 4168 Arduennam
512 4113 619 4180 sileam]
640 4113 760 4166 verbindc
774 4112 849 4166 nicht
861 4112 912 4165 mit
920 4111 1077 4182 profectae!
1098 4139 1130 4150 -
1147 4111 1279 4181 pertinet]

72 4199 136 4265 gicbt
153 4202 194 4256 dio
210 4203 300 4256 Breite
318 4220 360 4256 an.
386 4232 420 4240 -
445 4202 529 4256 si...
544 4202 648 4270 posset]
672 4202 799 4268 ai‚,ob“,
819 4201 893 4255 steht
910 4200 992 4254 bitere
1009 4201 1076 4255 nach
1093 4201 1215 4254 Wiirtern
1235 4200 1280 4254 des

73 4285 223 4346 Versuchaus
247 4291 301 4345 und
318 4291 481 4357 Erwartens;
508 4292 630 4346 unweilan
653 4290 712 4344 sind
735 4291 805 4345 diesa
823 4291 928 4345 Wbrter
950 4291 1013 4344 aber
1034 4289 1101 4344 auch
1120 4289 1281 4342 stillschwai-

73 4378 132 4442 gend
146 4395 175 4432 zu
184 4384 318 4449 orginzcn,
333 4380 380 4434 wie
393 4379 458 4434 hier.
473 4411 507 4419 -
521 4379 717 4448 opportunitas
732 4379 870 4448 temporie]
887 4377 964 4433 Auch¹
974 4379 1021 4432 wir
1035 4377 1159 4450 sprcchcn
1173 4376 1281 4430 vander
