3134 4922
247 429 299 490 118
738 434 778 486 De
796 433 864 487 bello
883 432 982 488 Gallico

193 599 236 659 14
334 595 410 659 Acie
433 594 551 678 triphei
573 593 723 658 instituta
747 596 779 657 et
802 594 946 658 celeriter
970 595 1038 658 octo
1059 594 1184 659 milium
1200 595 1315 660 itinere
1331 595 1482 660 confecto

212 749 215 761 .
246 700 335 783 prius
358 700 398 764 ad
422 700 563 764 hostium
587 700 693 764 castra
716 699 869 782 pervenit,
894 719 1007 782 quem,
1031 700 1107 782 quid
1131 703 1296 782 ageretur,
1321 701 1480 766 Germani

222 807 364 871 rseutire
387 807 526 889 possent.
563 805 625 885 Qui
649 806 794 870 omnihus
818 807 912 870 rebus
937 807 1041 871 subito
1057 807 1228 889 perterriti,
1253 809 1286 872 et
1310 809 1480 872 celeritate

247 913 402 979 adventus
425 913 526 977 nostri
550 915 583 976 et
605 911 749 976 discessu
772 931 911 990 suorum,
934 931 1039 994 neque
1063 914 1186 978 consilii
1209 914 1348 978 habendi
1369 933 1478 997 neque

216 1075 218 1080 ,
246 1037 335 1083 arma
359 1019 502 1102 capiendi
525 1019 627 1102 spatio
652 1018 726 1082 dato
749 1019 987 1102 perturbantur,
1011 1021 1156 1102 copiasne
1178 1021 1331 1084 adversus
1348 1022 1477 1086 hostem

246 1126 377 1202 ducere,
401 1144 440 1189 an
464 1127 570 1189 castra
600 1124 783 1202 defendere,
818 1144 858 1189 an
887 1125 964 1207 fuga
994 1126 1132 1190 salutem
1155 1129 1262 1208 petere
1285 1126 1478 1209 praestaret.

221 1231 389 1310 eQuorum
423 1231 520 1294 timor
555 1250 627 1295 eum
662 1230 793 1295 fremitu
824 1234 857 1295 et
887 1251 1042 1296 concursu
1070 1232 1323 1314 significaretur,
1354 1234 1477 1298 milites

220 1338 346 1402 rnostri
368 1337 494 1420 pristini
517 1337 579 1402 diei
602 1336 735 1419 perfidia
758 1337 880 1402 incitati
904 1339 936 1400 in
960 1340 1067 1403 castra
1089 1339 1282 1422 irruperunt.
1317 1337 1388 1418 Quo
1404 1340 1476 1404 loco

246 1445 301 1525 qui
324 1445 468 1508 celeriter
492 1462 582 1508 arma
605 1461 716 1526 capere
740 1445 929 1525 potuerunt,
957 1445 1119 1527 paulisper
1141 1445 1259 1509 nostris
1283 1446 1478 1510 restiterunt

215 1568 233 1605 ‚e
246 1551 342 1631 atque
366 1550 449 1613 inter
473 1568 578 1614 carros
601 1549 891 1632 impedimentaque
906 1551 1062 1633 proelium
1079 1551 1324 1626 commiserunt;
1349 1554 1385 1616 at
1399 1553 1477 1617 reli-

247 1674 310 1736 qua
339 1655 512 1719 multitudo
542 1674 713 1738 puerorum
744 1657 980 1737 mulierumque
1010 1658 1098 1739 (nam
1126 1676 1199 1722 cum
1230 1659 1377 1723 omnibus
1406 1661 1474 1724 suis

216 1809 218 1814 ,
246 1762 338 1825 domo
362 1763 563 1825 excesserant
585 1762 796 1843 Rhenumque
820 1763 1029 1846 transierant)
1059 1765 1179 1846 passim
1211 1763 1321 1846 fugere
1353 1766 1474 1848 coepit-3

240 1867 286 1930 ad
303 1885 391 1950 quos
414 1867 640 1932 consectandos
664 1867 782 1933 Caesar
805 1868 986 1949 equitatum
1008 1870 1105 1933 misit.

193 1974 235 2035 15
336 1971 487 2037 Germani
510 1975 583 2055 post
606 1975 734 2055 tergum
757 1975 894 2039 elamore
919 1975 1041 2052 auditu,
1072 1995 1146 2040 eum
1170 1995 1244 2040 suos
1267 1977 1404 2042 interfici
1430 1979 1476 2042 vi-

246 2079 368 2156 derent,
392 2080 489 2143 armis
513 2079 643 2144 abiectis
668 2081 830 2162 signisque
853 2081 1046 2145 militaribus
1074 2083 1194 2147 relictis
1224 2101 1258 2147 se
1288 2102 1328 2146 ex
1358 2086 1475 2149 eastris

222 2186 419 2262 reiecenmt,
443 2186 571 2250 etcum
603 2185 643 2248 ad
673 2186 885 2251 confluentem
909 2188 1018 2252 Mosae
1047 2191 1080 2253 et
1111 2189 1215 2253 Rheni
1243 2191 1475 2272 pervenissent,

240 2291 368 2373 =reliqua
383 2292 459 2372 iuga
476 2292 643 2374 desperata
658 2311 774 2374 magno
793 2312 923 2357 numero
939 2293 1104 2358 interfecto
1121 2295 1236 2377 reliqui
1252 2314 1285 2359 se
1302 2296 1336 2358 in
1352 2295 1475 2361 flumen

244 2445 425 2452 ....-ffl—-n-
439 2445 457 2450 .-

241 2515 244 2552 ἶ
317 2525 394 2606 liap.
423 2538 473 2594 14.
520 2551 541 2592 r.
566 2540 652 2593 ucterrr
677 2539 812 2617 triplicem
837 2540 995 2607 instituere]
1022 2541 1098 2607 „drei
1122 2541 1223 2594 Treffen
1247 2542 1337 2596 bilden
1361 2544 1477 2610 (formie

246 2628 386 2708 1⁰¹¹)f‘37·
406 2621 474 2696 quiri
495 2625 621 2696 apitrrr21
641 2644 716 2694 „wrm
733 2627 799 2695 geht
818 2627 907 2681 vor“?
981 2663 983 2666 -
1239 2635 1240 2638 ’

311 2703 343 2778 ἰ.
371 2707 481 2786 consilii
506 2725 626 2779 habendi
650 2725 773 2793 epatium
799 2725 897 2779 datram
922 2726 973 2793 eet]
1003 2743 1052 2793 „es
1077 2726 1161 2780 bleibt
1187 2727 1258 2794 Zeit,
1287 2728 1342 2781 sich
1371 2747 1403 2782 zu
1432 2730 1476 2784 be·

246 2814 352 2876 raten“.
379 2843 412 2866 .-
434 2813 652 2881 perturbaretur]
677 2814 719 2866 Da
741 2814 847 2868 hiervon
870 2815 912 2868 ein
930 2813 1070 2883 Fragesatz
1094 2815 1226 2884 abhttngig
1248 2817 1286 2870 ist
1304 2817 1357 2884 (...
1378 2834 1412 2872 rae

241 2886 288 2981 'aa'
365 2920 404 2956 arr
478 2904 658 2972 praestaret),
678 2919 706 2956 so
724 2902 793 2956 muts
811 2919 839 2956 es
858 2903 993 2956 hbersetet
1006 2903 1122 2957 werden:
1142 2904 1275 2971 „wulrtan
1293 2905 1321 2958 in
1340 2907 1413 2961 ihrer
1426 2907 1476 2961 Be

244 2994 373 3059 stlirrung
391 2991 503 3051 nicht“;
528 2991 617 3044 hinter
636 2990 792 3066 „rrulsten“
811 2991 877 3045 lilst
895 2992 950 3045 sich
968 3007 1054 3061 raeque
1073 2994 1183 3048 comitii
1262 2994 1330 3049 eluto
1349 2996 1378 3048 in
1396 2995 1476 3050 Form

246 3080 316 3152 eines
334 3077 536 3147 begrlindenden
555 3079 645 3132 Saizes
664 3080 836 3134 einschieben.
862 3110 896 3118 —
921 3081 993 3149 frrpri
1010 3083 1124 3137 salutem
1139 3082 1243 3150 petere]
1269 3083 1347 3150 „sein
1365 3084 1428 3138 Heil
1448 3087 1477 3138 in

246 3167 293 3221 der
310 3167 406 3221 Flueht
424 3169 535 3233 suehen;
555 3167 609 3221 sich
630 3168 712 3222 durch
731 3167 827 3222 Flucht
846 3187 877 3222 zu
896 3171 982 3223 retten
1002 3170 1129 3224 suehen“.

320 3277 343 3319 s.
367 3265 533 3334 eipuiricorr]
551 3265 637 3332 „sieh
655 3265 727 3319 hund
746 3265 849 3331 thun“;
875 3267 1089 3321 wahrscheiulieh
1110 3268 1207 3321 honnte
1226 3285 1286 3322 man
1305 3269 1354 3323 das
1371 3270 1478 3324 Durch·

246 3351 455 3407 einanderlaulen
482 3370 530 3407 von
555 3353 647 3407 sussen
672 3353 759 3407 sehen.
786 3383 818 3392 -
840 3355 994 3422 pristinae]
1017 3356 1054 3409 ist
1076 3373 1132 3410 vom
1152 3356 1323 3426 Standpunlrt
1346 3358 1393 3412 der
1410 3359 1479 3412 Ver·

245 3440 404 3511 gangenheit
428 3458 476 3494 aus
501 3442 633 3509 desselbe,
658 3459 711 3495 was
737 3460 794 3496 vom
819 3443 989 3513 Standpunlrt
1013 3445 1059 3516 der
1077 3443 1232 3514 Gegenwart
1257 3463 1304 3500 uus
1328 3448 1480 3502 hesternus

245 3531 363 3598 genennt
385 3529 457 3582 wird.
484 3561 517 3568 —
545 3532 694 3599 irreitatrre]
720 3533 747 3596 1)
767 3532 879 3600 „rasch,
904 3533 1032 3598 eilend“;
1057 3534 1084 3599 2)
1108 3534 1313 3602 „aufgebracht,
1338 3536 1478 3602 erbittert,

245 3617 366 3686 erhost“.

318 3726 370 3766 ru.
389 3728 411 3768 s.
438 3716 487 3782 qui
562 3717 726 3784 potuerunt]
752 3734 825 3784 „wer
848 3718 977 3785 lronnte“,
1002 3719 1086 3772 bildet
1111 3720 1158 3773 das
1177 3719 1288 3788 SubJelrt
1311 3738 1343 3774 zu
1366 3723 1478 3776 restite·

245 3807 314 3856 rrrrrt
331 3802 407 3872 (Καρ.
428 3804 471 3868 19,
490 3805 524 3868 2).
545 3831 577 3840 ·-
593 3805 757 3872 puerorum]
775 3806 833 3859 Wir
851 3806 964 3860 drdelren
982 3807 1018 3860 irn
1037 3807 1189 3861 Nominativ
1207 3825 1261 3876 aus,
1281 3811 1479 3864 worausdieso

245 3889 339 3959 Monge
357 3891 471 3944 besteht.
496 3920 529 3930 -—
555 3893 633 3948 domo
651 3895 789 3962 recredere]
812 3895 866 3949 ein
885 3894 993 3950 Wortt
1019 3926 1053 3934 -
1079 3897 1212 3965 transire]
1236 3888 1379 3953 Ubersetze
1398 3900 1477 3952 nicht

244 3980 337 4038 immer
355 3980 404 4032 mit
423 3981 675 4047 „tiberschreiteu“!
697 4013 729 4022 -
747 3985 863 4052 passim]
884 3985 970 4051 „aller
988 3983 1102 4039 Orten“.

317 4075 394 4145 Καρ.
416 4079 466 4132 lh.
507 4091 557 4130 ru.
575 4091 598 4133 r.
618 4082 733 4136 elamore
751 4081 861 4150 audito,
880 4098 941 4136 curre
960 4082 1012 4149 ...]
1032 4099 1052 4136 a.
1072 4081 1131 4137 hul.
1150 4083 1186 4138 M.
1209 4114 1239 4122 -
1263 4086 1350 4139 aruris
1431 4102 1475 4140 re·

246 4165 332 4232 lictis]
358 4183 378 4220 s.
398 4165 458 4224 Aul.
477 4167 510 4233 L;
536 4169 689 4237 relinquere
712 4171 837 4224 bedeutet
859 4171 916 4224 hier
938 4171 992 4224 und
1015 4175 1090 4225 senet
1108 4173 1193 4240 einige
1211 4173 1293 4227 Male:
1320 4175 1379 4240 „im
1398 4175 1476 4227 Stich

245 4254 362 4309 lassen“.
388 4285 421 4303 —r
447 4256 486 4310 ud
511 4258 689 4324 confleeuterr
713 4260 811 4314 Mosae
836 4265 862 4313 et
887 4259 989 4326 Rheni]
1016 4285 1047 4304 =
1069 4261 1108 4314 ud
1131 4262 1297 4328 confluentes
1315 4263 1427 4317 Mosam
1448 4269 1477 4317 et

244 4343 386 4410 aarum
405 4346 545 4412 confluens
563 4346 602 4398 als
616 4345 770 4401 Substantiv
789 4349 826 4401 ist
843 4351 900 4412 eret
913 4349 954 4401 hei
970 4352 1090 4419 spiteren
1105 4349 1312 4404 Schriftstellem
1326 4351 1423 4405 liblieh.
1438 4383 1475 4390 —

244 4432 354 4501 reliqua
375 4432 446 4502 sapei
470 4434 627 4502 desperati]
651 4433 710 4488 Anl.
730 4434 768 4489 Lu
788 4436 887 4502 (ausser
904 4437 940 4490 im
959 4438 1096 4491 ahsoluten
1114 4439 1175 4492 Abl.
1194 4440 1240 4493 des
1257 4439 1377 4510 passiven
1396 4441 1475 4494 Part.
