3086 4920
242 345 293 406 tae
681 309 683 314 ’
730 346 770 400 oe
788 347 856 400 oeno
875 345 974 400 uuna

210 514 231 574 e
326 508 447 594 ¹Caesar
470 508 597 590 partitis
622 507 718 590 eopiis
742 527 816 572 eum
833 506 912 572 Gaio
927 507 1023 571 Fabio
1046 507 1152 588 legato
1176 509 1209 571 et
1231 507 1341 572 Maroo
1356 506 1475 572 Crasso

242 616 408 697 quaestore
425 615 632 694 celeriterque
649 612 771 678 effectis
786 614 936 696 pontibus
953 613 1020 676 adit
1031 613 1200 695 tripertito,
1217 613 1360 678 aedifitia
1371 615 1476 678 rioos-

216 739 303 802 rque
326 720 474 797 incendit,
497 738 613 801 magno
636 720 757 802 peeoris
782 721 879 800 atque
901 719 1067 784 hominum
1081 739 1215 784 numero
1232 719 1363 802 potitur.
1396 718 1476 798 Qui-

239 829 300 892 bus
330 828 425 892 rebus
455 826 556 891 eoooti
579 826 719 908 Menapii
747 826 870 907 legatos
899 825 940 889 ad
969 844 1043 891 eum
1071 826 1158 908 paois
1186 826 1343 908 petendae
1373 845 1476 890 eausa

215 933 384 998 emittunt.
436 932 496 997 Ele
527 933 688 998 obsidibus
719 933 857 1015 aeeeptis
885 933 1028 996 hostium
1057 951 1091 996 se
1120 933 1307 997 habiturum
1336 952 1474 997 numero

240 1040 415 1116 eonfirmat
439 1039 467 1104 si
490 1041 547 1103 aut
562 1039 777 1121 Ambiorigem
801 1041 857 1104 aut
880 1039 948 1103 eius
970 1040 1093 1121 legatos
1113 1039 1230 1104 finibus
1251 1040 1318 1103 suis
1333 1040 1476 1122 reeepis-

214 1148 319 1210 esent.
364 1146 424 1210 His
455 1145 648 1210 eonfirmatis
678 1146 774 1210 rebus
797 1145 978 1210 Commium
1000 1145 1187 1210 Atrebatem
1217 1164 1292 1210 oum
1322 1145 1475 1227 equitatu

240 1252 379 1318 eustodis
403 1252 471 1316 loeo
494 1252 527 1315 in
550 1251 706 1334 Menapiis
730 1252 896 1332 relinquit3
923 1252 1048 1334 ipsein
1071 1252 1222 1316 Treveros
1250 1251 1474 1334 profieiseitur.

209 1364 227 1422 7
328 1359 415 1421 Dum
437 1359 516 1422 haee
539 1377 558 1422 a
582 1357 717 1423 Caesare
741 1360 912 1440 geruntur,
935 1358 1063 1422 Treveri
1084 1358 1210 1440 magnis
1234 1359 1352 1422 eoaetis
1382 1358 1475 1440 pedi-

238 1467 327 1528 tatus
359 1464 585 1544 equitatusque
615 1465 713 1547 eopiis
742 1464 919 1529 Labienum
949 1484 1023 1529 eum
1053 1483 1118 1529 una
1151 1465 1291 1546 legione,
1321 1483 1407 1546 quae
1438 1466 1474 1528 in

214 1588 348 1634 reorum
375 1569 490 1634 finibus
520 1570 732 1646 hiemaverat,
762 1570 878 1634 adoriri
906 1571 1077 1652 parabant,
1107 1571 1235 1652 iamque
1265 1571 1305 1634 ab
1335 1589 1372 1634 eo
1407 1590 1473 1634 non

239 1675 363 1756 longius
386 1675 474 1740 bidui
497 1676 548 1741 ria
572 1678 719 1753 aberant,
743 1695 817 1740 eum
841 1677 920 1740 duas
944 1677 1068 1741 venisse
1091 1677 1231 1758 legiones
1262 1677 1366 1741 missu
1390 1677 1473 1742 Gae-

214 1782 319 1845 rsaris
343 1785 545 1863 eoguoseunt.
590 1781 707 1846 Positis
735 1783 849 1847 eastris
879 1802 898 1846 a
927 1783 1056 1848 milibus
1086 1802 1241 1865 passuum
1263 1783 1324 1846 XV
1350 1784 1472 1848 auxilia

212 1886 471 1953 oGermanorum
506 1891 687 1972 exspeetare
719 1890 927 1953 eonstituunt.
980 1890 1139 1955 Labienus
1168 1889 1309 1953 hostium
1341 1890 1470 1971 eognito

238 1993 367 2058 oonsilio
391 1987 522 2077 sperans
545 1995 726 2060 temeritate
750 2014 860 2060 eorum
882 1995 948 2060 fore
973 1997 1114 2077 aliquam
1137 1995 1310 2060 dimieondi
1332 1995 1471 2060 faculta-

238 2102 306 2164 tem
328 2101 483 2182 praesidio
508 2102 648 2184 quinque
671 2103 849 2166 eohortium
870 2103 1108 2184 impedimentis
1131 2103 1242 2167 relieto
1263 2121 1338 2167 eum
1353 2102 1469 2184 viginti

239 2207 379 2287 quinque
395 2209 576 2273 eohortibus
600 2227 779 2291 magnoque
804 2209 950 2290 equitatu
973 2211 1083 2273 eontra
1105 2209 1232 2273 hostem
1254 2209 1468 2292 profieiseitnr

212 2314 270 2376 set
292 2314 378 2378 mille
402 2333 556 2396 passuum
579 2315 761 2379 intermisso
785 2316 887 2398 spatio
911 2316 1017 2379 eastra
1041 2316 1224 2380 eommunit.
1270 2316 1352 2380 Erat
1379 2316 1468 2380 inter

236 2419 413 2484 Labienum
449 2423 546 2502 atque
580 2421 706 2485 hostem
736 2421 858 2486 diffieili
886 2421 1026 2485 transitu
1056 2421 1176 2485 fiumen
1205 2422 1346 2504 ripisque
1372 2441 1467 2504 prae-

236 2527 349 2609 ruptis.
394 2527 463 2591 Hoe
485 2546 588 2608 neque
611 2528 679 2610 ipse
703 2529 838 2592 transire
861 2528 1001 2592 habebat
1022 2528 1055 2591 in
1086 2527 1191 2592 annno
1220 2547 1324 2610 neque
1355 2529 1465 2593 hostes

211 2634 428 2697 etransituros
453 2633 662 2698 existimabat.
708 2635 894 2716 Augebatur
918 2634 1107 2698 auxiliorum
1131 2634 1245 2699 cotidie
1276 2653 1358 2718 spes.
1405 2636 1465 2699 Lo

237 2740 346 2820 quitur
368 2740 402 2803 in
425 2740 555 2804 eoneilio
578 2741 700 2823 palam,
724 2742 874 2822 quoniam
898 2740 1050 2806 Germani
1079 2741 1331 2824 appropinquare
1355 2741 1463 2806 diean-

235 2847 303 2922 tur,
327 2864 396 2909 sese
420 2863 495 2910 suas
519 2846 736 2928 exercitusque
760 2847 904 2911 fortunas
927 2847 1116 2911 indubium
1145 2866 1210 2911 non
1233 2847 1461 2912 devoeaturum

233 3007 446 3014 ,μω-«Μ

304 3110 382 3179 Kap.
403 3110 433 3165 6.
475 3122 524 3162 1u.
539 3121 562 3164 2.
578 3111 709 3181 partitis]
728 3112 816 3182 passis
834 3112 986 3180 gebraucht.
1009 3139 1040 3150 -·
1067 3112 1155 3167 eoaett
1221 3111 1348 3178 mittunt]
1368 3111 1458 3164 Mache

233 3201 280 3254 das
299 3200 416 3270 Partieip
435 3217 493 3253 aum
511 3199 726 3269 Hauptverbum!

306 3301 354 3342 au.
366 3300 389 3342 4.
404 3289 523 3343 hostium
537 3303 651 3342 numero
664 3289 761 3342 batere
775 3288 908 3358 (dooere)]
924 3289 987 3356 „als
996 3288 1092 3342 Feinde
1101 3288 1256 3356 habandam,
1271 3288 1412 3344 ensehen“.
1425 3314 1455 3323 -

200 3437 202 3442 y
232 3377 334 3442 finibus
357 3377 415 3431 auio
437 3377 558 3446 resipere
580 3376 648 3444 obre]
675 3377 843 3446 „jemandem
861 3378 903 3431 bei
922 3378 979 3431 sieh
996 3378 1143 3432 Aninehme
1160 3377 1330 3445 gewAhren“.
1355 3406 1389 3415 —
1414 3376 1455 3429 tie

233 3465 404 3531 confirmatio
426 3465 517 3534 rebem]
542 3465 592 3519 Die
614 3464 797 3520 VerhtItnisse
820 3483 904 3520 waren
929 3466 991 3520 dort
1014 3469 1071 3520 erst
1095 3465 1216 3520 unsieher
1239 3482 1367 3534 genesen,
1388 3463 1453 3532 jetat

232 3569 318 3606 waren
337 3553 374 3606 sie
392 3554 526 3620 geerdnet.
545 3583 581 3592 -
599 3553 721 3608 erestocte's
739 3555 807 3622 loeo]
826 3554 858 3622 V,
876 3555 902 3621 5,
921 3554 947 3608 4.

304 3640 381 3709 Kap.
402 3643 429 3695 t.
470 3655 520 3694 ru.
537 3653 561 3696 2.
581 3641 698 3712 parare]
717 3643 767 3696 mit
785 3641 916 3696 Infinitiv:
937 3643 1015 3710 „sieh
1033 3643 1219 3696 ansehioken“.
1244 3674 1278 3681 -
1301 3641 1377 3697 biaut
1395 3640 1450 3706 eie]

232 3747 253 3784 s.
273 3729 319 3796 IV,
337 3731 363 3795 4,
382 3729 399 3782 5
418 3746 449 3782 zu
469 3730 566 3786 etuas.
1448 3718 1454 3722 ’

306 3831 357 3872 au.
373 3830 396 3870 4.
417 3835 435 3871 a
452 3819 572 3888 milibus]
591 3820 638 3886 IV,
657 3821 700 3887 22,
718 3821 744 3874 4.
764 3849 798 3859 -
816 3820 958 3876 Labeone
1037 3820 1145 3890 coquito
1224 3835 1337 3890 sperans
1410 3831 1447 3871 re

108 3949 115 3958 .
232 3907 307 3974 tieto]
332 3906 486 3960 Verwandle
504 3907 574 3961 diese
592 3909 665 3962 Part.
684 3909 712 3962 in
729 3909 931 3979 Hauptverben,
954 3909 995 3962 die
1019 3909 1101 3962 durch
1124 3909 1308 3963 versehiedene
1324 3905 1448 3976 Konjunk-

231 3995 320 4049 tionen
345 3995 495 4048 verbunden
520 3997 630 4050 werden.
660 4027 693 4035 -
722 3999 875 4052 temeritate
955 3997 1014 4063 sore
1092 3997 1267 4065 formatem]
1295 3997 1383 4051 thle
1407 3994 1446 4047 ein

229 4083 353 4151 Verbum,
373 4101 405 4138 zu
423 4085 482 4138 dem
501 4085 769 4153 „Unbesonnenheit“
789 4087 900 4156 Subjekt
919 4087 963 4140 ist.
988 4116 1022 4125 -
1041 4087 1229 4156 praesidium]
1248 4086 1392 4141 bezeichnet
1408 4081 1445 4134 die

230 4173 395 4242 Bedeekung.
414 4203 450 4212 -
468 4175 624 4230 intermisso
642 4175 747 4244 spatio]
766 4176 873 4230 Ahnlieb
891 4176 938 4229 wie
955 4177 1049 4244 spatio
1066 4177 1163 4230 relicto
1179 4175 1212 4243 V,
1231 4177 1276 4243 44,
1293 4177 1319 4230 6.

303 4276 355 4315 en.
373 4275 396 4317 o.
421 4262 533 4330 difficili
551 4263 687 4330 transitu]
707 4263 782 4317 Setae
801 4264 849 4318 das
867 4263 992 4332 Adjektiv
1011 4281 1042 4318 au
1060 4263 1172 4317 Fluis!
1192 4293 1228 4302 -
1247 4265 1392 4332 aequam

229 4351 301 4420 opes]
319 4351 367 4405 Bei
381 4368 445 4404 wem
459 4351 548 4405 wuehs
562 4351 632 4404 diese
646 4352 793 4406 Auesieht?
812 4381 846 4390 ·-
866 4352 1010 4422 dieantur]
1029 4351 1090 4407 Anl.
1101 4353 1129 4406 P.
1150 4379 1184 4390 -
1201 4353 1234 4406 in
1249 4353 1360 4408 dubium
1372 4349 1443 4404 devo-
