3172 4922
573 368 670 424 Comm.
689 368 711 436 1,
731 385 752 424 c.
771 369 886 424 24—26.
1307 365 1344 430 25

107 530 293 596 novissimis
316 530 474 613 praesidio
497 532 599 608 erant,
623 548 661 593 ex
682 529 796 594 itinere
819 531 944 594 nostros
969 530 1008 594 ab
1031 529 1131 594 latere
1155 531 1263 614 aperto
1287 549 1343 612 ag·

109 638 212 720 gressi
244 637 493 715 circumvenere,
528 638 561 702 et
590 638 623 702 id
654 638 829 722 conspicati
857 637 1009 714 Helvetii,
1045 637 1100 717 qui
1133 637 1166 700 in
1199 638 1342 704 montem

109 763 178 808 sese
202 746 400 826 receperant,
424 763 535 808 mrsus
557 745 679 810 instare
703 747 736 811 et
754 744 910 828 proelium
930 743 1145 825 redintegrare
1162 746 1342 826 coeperunt.

108 850 248 914 Romani
265 869 418 914 conversa
434 851 524 930 signa
539 851 688 934 bipertito
704 851 901 915 intulerunt:
925 850 1029 933 primo
1045 852 1079 914 et
1094 850 1233 914 secunda
1249 850 1365 928 acies,7

108 960 147 1021 ut
169 957 265 1021 victis
291 973 328 1020 oc
351 958 520 1034 summotis
545 958 717 1034 resisteret,
741 958 845 1034 tertie,
869 958 907 1020 ut
929 957 1091 1022 venientes
1115 956 1296 1021 sustineret.

198 1063 253 1126 Ita
277 1063 409 1146 ancipiti
430 1064 548 1146 proelio
572 1064 627 1128 diu
651 1066 747 1146 atque
772 1064 887 1128 acriter
908 1065 1089 1146 pugnatum
1112 1065 1170 1128 est.
1209 1063 1340 1129 Diutius
1351 1085 1396 1146 2⁶

109 1189 183 1234 cum
207 1169 369 1234 sustinere
392 1172 575 1234 nostrorum
598 1171 738 1253 impetus
761 1189 826 1234 non
848 1172 991 1253 possent,
1020 1171 1114 1234 alteri
1137 1188 1183 1246 se,
1212 1172 1249 1233 ut
1272 1189 1341 1235 coe-

108 1277 233 1358 perant,
256 1275 292 1338 in
307 1277 449 1340 montem
465 1279 661 1359 receperunt,
685 1277 777 1342 alteri
797 1277 838 1341 ad
853 1276 1081 1359 impedimento
1097 1279 1130 1341 et
1145 1295 1250 1342 carros
1266 1294 1366 1342 suos2

108 1400 142 1446 se
166 1383 385 1446 contulerunt.
430 1383 514 1446 Nam
536 1384 597 1448 hoc
620 1385 687 1448 toto
709 1383 841 1466 proelio,
870 1402 944 1447 cum
972 1384 1012 1447 ab
1040 1383 1118 1448 hora
1141 1383 1278 1466 septima
1301 1383 1341 1448 ad

107 1507 281 1571 vesperum
298 1491 478 1571 pugnatum
501 1490 552 1568 sit,
576 1509 724 1554 aversum
747 1490 873 1555 hostem
895 1489 1002 1555 videre
1024 1509 1117 1554 nemo
1140 1491 1253 1572 potuit.
1291 1491 1366 1556 Ads

108 1595 250 1660 multam
279 1597 407 1660 noctem
434 1596 533 1661 etiam
561 1596 602 1661 ad
631 1597 858 1679 impedimenta
880 1598 1061 1679 pugnatum
1084 1598 1146 1674 est,
1175 1599 1342 1680 propterea

108 1701 195 1782 quod
225 1720 284 1783 pro
314 1703 398 1766 vallo
428 1719 535 1766 cemos
564 1703 744 1768 obiecerant
773 1705 806 1766 et
832 1721 849 1766 e
877 1703 945 1767 loco
973 1702 1192 1785 superiorein
1214 1705 1341 1768 nostros

108 1808 276 1873 venientes
293 1809 359 1882 tela
375 1808 580 1887 coniciebant,
604 1811 636 1874 et
655 1809 799 1874 nonnulli
822 1809 905 1874 inter
925 1827 1031 1873 carros
1046 1809 1222 1890 raedasque
1238 1811 1342 1874 mata

107 1933 160 1979 ras
186 1933 225 1978 ec
249 1915 393 1996 tragulas
411 1916 611 1981 subiciebant
625 1918 813 1997 nostrosque
829 1916 1050 1980 vulnerabant.
1084 1915 1148 1979 Diu
1164 1935 1238 1980 oum
1257 1917 1365 1980 essetr

107 2022 306 2104 pugnatum,
335 2021 574 2104 impedimentis
598 2023 776 2103 castrisque
798 2022 900 2086 nostri
923 2022 1016 2104 potiti
1039 2024 1123 2086 sunt.
1168 2022 1219 2086 Ibi
1243 2021 1341 2104 Orge-

108 2128 223 2208 torigis
247 2127 314 2192 filia
337 2130 433 2210 atque
457 2149 542 2194 unus
567 2149 583 2194 e
606 2130 679 2194 filiis
702 2131 814 2212 captus
839 2131 896 2194 est.
941 2129 990 2192 Ex
1013 2147 1049 2193 eo
1072 2129 1190 2210 proelio
1215 2130 1366 2194 circiters

107 2235 279 2298 hominum
301 2235 390 2298 milio
414 2235 531 2300 OXXX
559 2235 783 2319 superfuerunt
811 2253 911 2316 eaque
934 2236 1004 2298 tota
1026 2237 1119 2299 nocte
1142 2236 1341 2301 continenter

106 2340 227 2406 ierunt.
265 2340 398 2405 Nullam
413 2345 539 2425 partem
561 2344 664 2407 noctis
687 2343 799 2406 itinere
819 2342 1002 2406 intermisso
1018 2342 1052 2406 in
1066 2341 1145 2405 fines
1161 2342 1341 2424 Lingonum

107 2447 159 2512 die
177 2449 295 2528 quarto
310 2450 533 2529 pervenerunt,
557 2467 630 2513 cum
654 2451 686 2512 et
708 2450 836 2531 propter
851 2448 983 2512 vulnera
1003 2448 1144 2512 militum
1165 2450 1197 2512 et
1211 2451 1341 2531 propter

107 2554 313 2637 sepulturam
336 2554 512 2619 occisorum
534 2555 636 2618 nostri
658 2554 801 2618 triduum
824 2555 940 2618 morati
968 2572 1020 2619 eos
1048 2555 1140 2636 sequi
1162 2574 1225 2618 non
1247 2558 1340 2638 potu-

107 2786 200 2840 reehte
225 2785 309 2850 Seite,
333 2783 462 2838 Flanke“.
489 2813 523 2822 -
547 2783 679 2853 oppresse]
707 2783 811 2850 „durch
835 2784 911 2838 einen
933 2783 1040 2853 Angriff
1062 2785 1136 2839 aui“.
1162 2814 1197 2824 -
1220 2785 1340 2854 instare]

107 2873 341 2942 „herendritngem
361 2873 522 2942 rorgehen“.

183 2975 207 3017 r.
227 2978 359 3018 conrmoa
376 2962 469 3033 sepau]
489 2962 568 3016 kehrt
584 2962 675 3015 macht
692 2961 834 3030 cigentlich
852 2978 904 3016 nur
922 2961 969 3015 das
986 2961 1069 3015 dritte
1082 2961 1192 3015 Treffen.
1207 2989 1242 2999 -
1256 2961 1340 3029 apua

107 3050 229 3118 deferre]
249 3051 436 3122 „angreifen“.
456 3079 490 3088 -
508 3047 647 3122 bipertito]
668 3049 757 3117 „nach
775 3050 836 3103 zuei
850 3050 970 3104 Seiten“.
990 3077 1024 3090 -
1040 3049 1135 3117 prima
1215 3048 1297 3115 octos]
1317 3064 1339 3104 s.

107 3138 177 3210 Kap.
196 3139 240 3206 24,
260 3140 285 3194 2.
306 3169 340 3178 -
358 3138 504 3208 suetiam]
523 3156 544 3194 s.
562 3139 628 3210 Kap.
648 3139 691 3206 24,
711 3141 735 3192 1.

182 3226 262 3296 Καρ.
281 3228 327 3284 26.
369 3241 390 3283 1.
409 3244 512 3298 auceps
526 3228 674 3298 proelium]
700 3227 778 3295 „eine
796 3227 921 3281 Schlarht
938 3226 1006 3280 nach
1023 3227 1084 3279 rwei
1102 3225 1191 3281 Seiten
1209 3225 1264 3292 hin,
1283 3225 1341 3280 eine

107 3316 365 3388 Doppelschlacht“.

185 3417 208 3460 2.
229 3407 302 3474 cum]
321 3407 464 3461 konzessiv.
484 3433 517 3444 -
537 3421 661 3461 acumem
678 3405 792 3473 boetem]
812 3405 883 3472 „den
900 3403 1007 3458 Riiclren
1025 3404 1096 3458 eines
1114 3403 1255 3458 Feindes“.

185 3508 208 3550 a.
228 3496 268 3550 od
285 3497 402 3550 mattam
415 3495 531 3562 motem]
550 3495 601 3563 vgl.
616 3511 648 3548 zu
662 3495 749 3550 multo
764 3494 809 3548 die
822 3493 888 3564 Kap.
901 3494 945 3561 22,
959 3494 984 3548 4.
1004 3523 1038 3534 -
1056 3493 1152 3562 etiam]
1172 3493 1290 3561 ‚‚noch“.
1305 3521 1340 3534 -

105 3601 162 3655 pro
185 3585 272 3651 callo]
297 3586 323 3650 1)
350 3601 416 3652 „vor
441 3584 499 3638 dam
523 3584 644 3651 Walle“;
673 3584 700 3649 2)
724 3583 786 3651 „als
811 3583 911 3636 Wall“.
940 3613 974 3622 —-
1002 3598 1097 3638 carros
1120 3582 1236 3650 obicere]
1262 3581 1341 3650 „eine

108 3674 282 3743 Wagenburg
303 3673 422 3728 bilden“.
448 3701 482 3711 —
508 3688 522 3726 e
546 3674 604 3728 loco
627 3672 779 3741 aporiare]
804 3688 826 3726 s.
844 3670 911 3741 Kap.
930 3671 978 3738 25,
997 3672 1022 3726 2.
1046 3700 1080 3711 -
1106 3671 1145 3725 Ζιι
1166 3676 1273 3727 metros
1296 3687 1340 3726 oe-

108 3764 219 3818 aenae
237 3763 298 3830 fugo
315 3763 352 3816 im
370 3762 521 3816 Deutschen
539 3762 581 3814 ein
599 3760 812 3815 Substantivum!
832 3789 866 3799 —
885 3760 940 3815 telo
958 3759 1089 3829 conium]
1109 3759 1289 3828 „schiefson“.
1305 3787 1340 3798 —

107 3852 243 3920 corbium]
263 3868 334 3918 „von
353 3853 435 3905 unten
453 3849 728 3905 heraufschleudem“.

182 3953 242 3994 ru.
266 3955 289 3995 a.
308 3957 369 3996 cam
392 3945 459 3996 esset
479 3938 650 4009 prepucium]
669 3939 729 3994 Aul.
749 3939 787 4006 D;
810 3938 871 4007 stige
895 3938 961 3992 noch
985 3939 1083 4006 „erst“
1109 3954 1168 3992 aum
1187 3936 1340 4007 Hauptsata

109 4030 204 4084 hinnu!
225 4059 261 4068 -
279 4045 315 4084 ac
328 4031 433 4098 proelio
450 4029 599 4096 superesse]
619 4028 687 4096 „das
705 4027 807 4082 Treffen
830 4027 999 4082 tibarleben“.
1019 4055 1053 4064 -
1079 4026 1175 4096 ecque]
1193 4025 1289 4094 gehbrt
1307 4042 1341 4080 zu

108 4123 195 4174 norb.
222 4145 256 4156 -
281 4119 387 4173 mdlom
406 4123 519 4187 partem
543 4117 643 4184 noctis]
668 4116 766 4184 „lucino
789 4116 892 4170 Minuta
915 4116 1018 4182 (kaiam
1042 4114 1216 4184 Augeublirtr)
1240 4115 1268 4168 in
1292 4114 1341 4168 der

109 4207 229 4262 Narbt“.
245 4236 280 4246 -
294 4207 483 4276 intemittere]
504 4207 693 4275 „aussetzon“,
713 4205 811 4259 sowohl
824 4204 990 4258 intrenntiv:
1009 4204 1087 4272 „eine
1105 4203 1190 4258 Panse
1207 4202 1339 4257 machen“

109 4297 150 4351 als
168 4296 310 4350 bannitis:
335 4296 578 4362 „unterbrechon“.
605 4325 639 4334 -
665 4295 709 4350 dte
728 4291 839 4363 quarto]
859 4309 900 4347 am
917 4293 1056 4347 dritten
1070 4292 1153 4361 Tage.
1178 4321 1211 4332 -·
1235 4291 1340 4360 moror]

111 4386 174 4453 „ich
192 4385 262 4439 habe
280 4384 355 4440 einen
373 4384 561 4440 Autenthalt“.
