3134 4922
522 382 620 439 comm.
638 382 683 450 IV,
703 401 724 437 c.
744 385 858 438 17-19.
1249 381 1306 444 123

88 544 185 626 pontis
218 543 310 608 firmo
347 544 504 627 praesidio
541 537 651 608 relicto
681 545 713 607 in
743 545 821 609 fines
854 545 1104 627 Sugambrorum
1134 546 1305 610 contendit.

89 651 215 714 Interim
239 669 258 713 a
282 651 495 733 compluribus
520 650 702 715 civitatibus
727 651 767 714 ad
791 669 865 715 eum
887 651 985 733 legati
1008 643 1157 727 veniunt;
1189 653 1331 734 quibust

89 775 191 838 pacem
215 759 312 839 atque
337 757 509 822 amicitiam
532 757 714 840 petentibus
738 758 911 822 liberaliter
934 759 1096 841 respondit
1120 759 1306 842 obsidesque

88 863 124 926 ad
146 881 178 927 se
202 863 318 928 adduci
340 864 437 928 iubet.
485 863 655 945 Sugambri
678 883 715 928 err
739 883 774 928 eo
799 866 956 947 tempore,
984 884 1046 946 quo
1076 883 1155 948 pons
1179 865 1329 934 instituis

87 972 208 1051 coeptus
233 972 299 1048 est,
322 970 398 1052 fuga
429 971 613 1053 comparata
641 971 843 1035 hortantibus
874 971 929 1047 lie,
966 990 1045 1053 quos
1077 990 1114 1036 err
1144 973 1305 1038 Tencteris

81 1077 176 1156 atque
192 1077 381 1160 Usipetibus
398 1076 481 1158 apud
498 1095 531 1140 se
547 1077 716 1153 habebant,
740 1077 855 1142 finibus
873 1078 939 1141 suis
961 1080 1162 1142 excesserant
1185 1096 1305 1160 suaque

85 1182 184 1246 omnia
209 1185 454 1266 exportaverant
478 1202 574 1265 seque
599 1184 632 1246 in
655 1184 860 1248 solitudinem
884 1203 920 1249 ac
944 1185 1040 1249 silvas
1065 1185 1273 1249 abdiderant..

168 1288 288 1354 Caesar
309 1309 426 1373 parrcos
452 1290 576 1354 diesin
600 1309 708 1354 eorum
732 1291 848 1355 linibus
879 1293 1023 1355 moratus
1053 1291 1198 1355 omnibus
1228 1291 1305 1355 vicis
1319 1295 1360 1354 la

86 1394 293 1477 aedificiisque
317 1397 453 1461 incensis
483 1396 716 1478 frumentisque
747 1398 878 1462 succisis
916 1414 948 1462 se
986 1397 1019 1460 in
1048 1396 1127 1461 fines
1150 1397 1305 1462 Ubiorum

87 1503 196 1584 reecpit
220 1505 319 1583 atque
342 1503 381 1566 iis
406 1502 560 1566 auxilium
584 1522 679 1566 sunm
701 1503 879 1586 pollicitus,
909 1504 936 1566 si
967 1504 1005 1568 ab
1039 1502 1150 1568 Suebis
1181 1522 1304 1586 preme·

87 1610 197 1685 rentur,
220 1609 302 1673 haec
325 1610 364 1672 ab
387 1609 426 1672 iis
451 1609 612 1690 cognovit:
639 1608 770 1686 Suebos,
792 1611 1002 1693 posteaquem
1021 1629 1077 1693 per
1094 1611 1331 1693 exploratoresa

77 1717 206 1796 ,pontem
237 1715 308 1779 fieri
337 1715 579 1796 comperissent,
608 1733 695 1778 more
726 1733 783 1778 suo
813 1715 943 1779 concilio
975 1715 1084 1780 habito
1114 1716 1243 1780 nuntios
1273 1717 1305 1780 in

85 1839 185 1885 omnes
210 1823 321 1903 partos
345 1821 520 1898 dimisisse,
544 1821 592 1884 uti
615 1820 653 1885 de
677 1821 798 1904 oppidis
824 1821 1054 1903 demigrarent,
1076 1820 1207 1897 liberos,
1231 1840 1307 1884 uxo·

86 1944 130 1989 res
153 1945 276 2008 suaque
301 1927 406 1991 omnia
429 1928 461 1989 in
486 1927 573 1992 silvis
607 1928 815 2009 deponerent,
846 1929 942 2009 atque
974 1946 1099 2004 omnes,
1133 1927 1188 2008 qui
1217 1946 1306 1991 arma

86 2031 159 2096 ferre
182 2035 332 2115 possent,
354 2051 456 2097 unum
486 2034 519 2096 in
547 2034 653 2098 locum
682 2033 904 2108 convenirent;
934 2035 1019 2098 hunc
1049 2053 1118 2098 esse
1147 2033 1331 2098 delectums

85 2139 219 2203 medium
257 2138 323 2203 fers
353 2139 519 2222 regionum
548 2158 674 2216 earum,
704 2158 783 2220 quas
814 2141 911 2205 Suebi
939 2140 1134 2212 obtinerent;
1164 2140 1216 2204 hic
1244 2140 1306 2204 Ro-

86 2262 246 2309 manorum
282 2245 454 2309 adventum
490 2247 671 2328 exspectare
703 2248 799 2327 atquc
829 2246 872 2310 ibi
902 2246 1062 2310 decertare
1094 2245 1305 2310 constituisse.

85 2347 168 2427 Quod
192 2353 250 2416 ubi
274 2351 392 2416 Caesar
415 2353 582 2434 comperit,
606 2353 752 2416 omnibus
783 2353 878 2417 rebus
907 2353 945 2415 iis
975 2351 1140 2428 confectis,
1171 2371 1331 2432 quarumr

151 2540 173 2580 a.
192 2528 296 2595 qrre'bers
370 2527 540 2594 petentibus]
570 2527 622 2580 te'be'
641 2529 750 2596 petenti
776 2529 844 2595 „auf
865 2528 940 2582 deine
958 2528 1067 2581 Bitte“.
1098 2555 1130 2564 -
1158 2528 1308 2592 liberaliter

83 2615 231 2682 respondit]
252 2615 387 2682 An1.U²;
416 2616 568 2670 liberaliter·
594 2616 746 2670 bezeichnet
773 2617 800 2670 in
828 2617 934 2670 solchen
963 2617 1015 2669 und
1044 2615 1181 2670 iihnlichen
1199 2615 1308 2669 Verbin-

84 2702 181 2771 dongon
201 2704 246 2759 dle
265 2703 342 2771 Gau,
362 2704 412 2757 mit
430 2705 541 2758 welches
558 2705 601 2758 ein
619 2705 701 2759 hdher
719 2703 864 2760 Gestelltor
882 2707 1006 2760 reridhrt.

150 2806 173 2846 r.
191 2809 265 2861 pons
291 2792 418 2859 ireste'tae']
447 2792 532 2846 libers.
562 2793 781 2847 substantivisch!
812 2823 845 2832 —
872 2794 944 2862 fuge
972 2793 1145 2862 comparate]
1174 2791 1226 2858 12³3
1254 2794 1306 2860 vgl.

84 2879 175 2934 bellum
198 2897 308 2950 parare
337 2881 433 2948 „sich
462 2899 519 2935 eum
537 2881 619 2950 Krieg
646 2882 768 2935 rdetcn“.
798 2911 831 2920 -
860 2884 1036 2938 tonantibus
1062 2882 1111 2949 r'e's]
1139 2881 1199 2934 Aul.
1218 2881 1252 2934 H.
1273 2911 1307 2920 -

83 2967 179 3032 finibus
203 2969 343 3036 excedere]
369 2969 510 3022 Verwsnde
534 2971 717 3036 „verlassen“.
742 2997 772 3007 -
802 2987 830 3024 se
853 2971 963 3037 abdere]
988 2971 1041 3023 Der
1059 2969 1160 3038 Begriff
1180 2970 1226 3022 des
1245 2969 1308 3022 Ver·

84 3055 188 3125 bergens
206 3059 276 3126 liegt
294 3057 368 3111 nicht
387 3058 572 3128 urspriinglich
590 3059 616 3111 in
636 3059 695 3112 dem
713 3059 835 3112 Verbum.

148 3145 229 3214 Καρ.
249 3147 295 3202 lt).
338 3158 345 3197 ι
369 3165 392 3196 u.
414 3157 436 3200 a.
455 3147 555 3214 pauci]
574 3163 595 3202 s.
614 3146 680 3216 Kap.
701 3149 725 3212 7,
745 3149 769 3201 2.
799 3178 831 3186 -
860 3147 996 3214 moratus]
1014 3148 1075 3200 Aul.
1094 3146 1141 3200 Fl.
1168 3176 1200 3184 —
1229 3147 1306 3200 aedi-

82 3235 153 3302 ficia]
172 3253 193 3289 s.
213 3235 281 3305 Kap,
300 3235 326 3302 4,
345 3236 370 3289 3.
398 3263 434 3274 -
457 3236 614 3304 pollicitus]
634 3234 696 3290 Aul.
715 3235 761 3290 Fi
791 3267 825 3276 -
853 3236 1022 3306 cognoscere]
1047 3235 1180 3289 erheischt
1198 3252 1232 3289 an
1250 3251 1305 3288 ver·

83 3322 234 3378 schiedenen
253 3323 352 3377 Stellen
372 3324 552 3378 verschiedane
570 3314 767 3393 Ubersetaung;
787 3342 808 3379 a.
827 3326 858 3378 B.
879 3325 943 3391 „die
961 3324 1111 3392 Ertahrung
1129 3324 1250 3390 machen3
1278 3323 1306 3376 in

83 3409 229 3481 Erlahrung
242 3413 366 3481 bringon;
386 3413 555 3482 vernehmen3
570 3414 766 3480 wahmchmen3
781 3415 809 3468 in
821 3413 1004 3482 Augcnschein
1018 3414 1148 3466 nehmen“
1163 3431 1188 3467 u.
1199 3430 1219 3468 s.
1230 3431 1260 3467 w.
1272 3443 1305 3452 —

82 3501 274 3569 exploratores!
294 3518 315 3555 s.
334 3502 401 3572 Kep.
421 3503 445 3568 4,
465 3503 490 3556 6.
518 3532 551 3541 -
571 3509 683 3572 pontem
700 3503 772 3572 pleri]
792 3503 852 3557 Anl.
872 3502 902 3558 Ο.
927 3533 960 3540 -
985 3502 1101 3557 coemtio
1119 3503 1226 3570 habito]
1245 3502 1305 3556 Anl.
1342 3543 1348 3555 .

84 3587 132 3644 L³r
151 3592 202 3644 mit
221 3591 371 3645 corece'le'rem
389 3592 540 3645 bezeichnet
559 3591 587 3646 C.
606 3593 688 3646 litters
707 3593 773 3646 anch
792 3593 834 3646 die
851 3593 986 3660 Landtsge
1005 3592 1050 3644 der
1070 3589 1177 3644 Gallier.
1204 3620 1238 3629 —
1262 3593 1308 3645 ute'

143 3679 330 3748 demigrarent
348 3680 408 3746 eet]
421 3680 502 3748 ,gicht
520 3680 570 3733 den
589 3680 680 3734 Inhalt
698 3681 745 3733 dor
762 3679 956 3749 Anlforderung
974 3697 1020 3746 an,
1048 3679 1142 3732 welche
1161 3679 1202 3732 die
1222 3680 1307 3733 Buten

82 3766 268 3836 itherbringen3
289 3785 310 3820 s.
325 3768 386 3822 Anl.
401 3767 448 3832 (Ρ.
469 3797 502 3806 -
530 3785 582 3822 suu
600 3769 706 3837 omnia]
725 3769 796 3836 Flige
814 3770 856 3822 ein
875 3769 1031 3822 Substantiv
1049 3768 1141 3822 hinnu!
1161 3796 1195 3806 -
1224 3769 1305 3835 clepo·

83 3856 153 3922 rere]
174 3857 223 3923 „in
242 3855 389 3910 Sicherheit
406 3857 548 3924 bringen“.
575 3888 608 3896 -
632 3858 681 3926 qni
699 3874 779 3911 arma
797 3858 871 3923 ferre
889 3858 1010 3925 possent]
1029 3857 1063 3911 So
1081 3857 1244 3910 umschreibt
1261 3855 1307 3909 der

84 3941 201 3998 Lateiner
220 3945 268 3998 das
286 3945 341 3998 ihm
360 3945 515 4015 mangelnde
534 3945 658 4014 Adjelrtiv
678 3946 896 4015 ‚,waffenfahig‘⁴.
917 3977 943 3985 -
970 3945 1056 4015 loeus]
1076 3946 1221 4012 „Punlrt“.

154 4047 177 4088 a.
196 4034 282 4101 burte]
301 4034 431 4104 predilrst.
446 4034 643 4103 Bestimmung;
662 4035 709 4087 wir
723 4035 875 4088 verwonden
895 4036 979 4102 „zu“.
995 4064 1029 4072 —
1048 4033 1178 4100 medium]
1193 4032 1308 4086 ntmlich

83 4119 177 4176 baem.
197 4151 231 4161 -
250 4123 308 4190 bie]
326 4122 499 4189 Ortsadverb3
519 4122 630 4190 Subjelrt
648 4123 693 4177 des
708 4123 798 4176 Solem
816 4125 854 4176 ist
867 4123 961 4176 wieder
975 4123 1083 4178 Suebos.
1104 4152 1136 4160 —
1156 4119 1307 4186 desertore]

85 4209 158 4273 „sich
179 4210 332 4278 schlngen“,
350 4212 430 4265 meist
448 4229 497 4265 von
515 4211 848 4280 Entscheidnngslrttmpfen
867 4215 969 4279 gesagt.

154 4311 178 4353 r.
197 4299 272 4367 quod
296 4300 346 4354 abl
365 4300 393 4355 0.
414 4299 552 4369 comperit]
580 4300 725 4354 verwandle
752 4300 779 4354 in
806 4299 882 4353 einen
899 4299 1049 4369 Hauptsatr
1076 4299 1131 4352 und
1159 4299 1231 4352 fahre
1257 4299 1309 4352 mit

84 4386 188 4449 „aber“
208 4388 273 4442 fort!
301 4419 334 4427 -
362 4389 487 4444 munibus
505 4389 586 4443 rebus
604 4387 747 4456 confectis]
766 4387 875 4442 vertritt
893 4388 968 4441 einen
986 4387 1157 4452 Kausalsata;
1185 4386 1310 4440 welche

136 4475 190 4530 Iun.
205 4475 282 4530 Ceus
296 4477 374 4531 Bura.
390 4475 470 4532 Gran.
502 4476 538 4531 Il.
1076 4476 1093 4528 9
