3172 4922
222 307 259 370 lo
717 312 756 365 De
774 312 842 364 bello
862 310 961 366 Gallice

197 470 477 555 crepudiaturum.
530 471 621 551 Quod
650 473 677 536 ei
707 472 812 537 surore
844 475 941 555 etque
971 474 1111 538 amentia
1140 475 1299 557 impulsus
1329 475 1458 539 bellum

225 579 403 654 intulisset,
428 579 503 660 quid
526 579 657 643 tandem
679 581 889 643 vererentur?
913 581 971 644 aut
1000 599 1057 644 cur
1085 579 1123 643 de
1155 598 1214 644 sna
1242 581 1363 645 virtute
1394 583 1457 644 aut

199 685 264 749 ade
288 685 389 768 ipsius
413 685 577 767 diligentia
602 685 830 769 desperarent?
875 687 1011 751 Factum
1043 686 1110 751 eius
1140 686 1242 751 boetis
1273 688 1457 770 periculum
1573 763 1574 768 ἵ

224 795 354 876 patrum
378 794 560 856 nostrorum
576 793 738 869 memoria,
763 812 836 856 cum
849 792 985 858 Cimbris
1002 795 1035 856 et
1050 793 1200 857 Teutonis
1217 812 1236 857 a
1253 793 1332 858 Gaio
1349 795 1454 858 Mario
1573 779 1574 808 ³

224 898 325 982 pulsis
348 917 412 962 non
434 899 590 963 minorem
612 898 741 962 laudem
765 899 921 963 exereitus
946 918 1042 981 quam
1065 900 1132 982 ipse
1155 900 1328 983 imperator
1356 901 1455 964 meri-

224 1007 278 1070 tus
302 1005 486 1080 videbatur;
510 1005 634 1070 factum
658 1006 755 1069 etiam
778 1025 880 1088 nuper
902 1007 936 1068 in
950 1006 1047 1070 Italia
1071 1007 1177 1070 servili
1193 1008 1346 1084 tumultu,
1371 1026 1453 1088 quos

224 1115 333 1177 tamen
357 1112 478 1194 aliquid
500 1131 578 1176 usus
603 1131 640 1176 ac
664 1111 843 1195 disciplina,
868 1131 949 1194 quae
974 1131 993 1176 a
1015 1114 1104 1177 nobie
1134 1114 1345 1196 accepissent,
1377 1115 1455 1178 sub-

198 1220 376 1284 clevarent.
411 1219 459 1282 Ex
483 1237 544 1300 quo
568 1219 704 1282 iudicari
726 1238 827 1302 posse,
852 1221 1009 1301 quantum
1032 1220 1166 1285 haberet
1188 1220 1222 1282 in
1238 1238 1271 1283 se
1287 1221 1363 1284 boni
1378 1239 1455 1285 oon-

226 1326 354 1403 stantia,
377 1327 545 1411 propterea
570 1324 663 1406 qnod,
687 1344 765 1407 quos
790 1325 987 1406 aliquamdiu
1002 1326 1140 1390 inermos
1158 1326 1225 1390 sine
1242 1345 1339 1392 cansa
1354 1328 1456 1392 timu-

199 1433 335 1509 rissent,
358 1432 416 1495 hos
439 1434 551 1514 postea
575 1434 714 1496 armatos
739 1451 776 1496 ac
798 1433 933 1497 victores
964 1436 1177 1515 superassent.
1223 1434 1369 1515 Denique
1392 1435 1454 1498 bos

226 1557 294 1604 esse
319 1531 455 1615 eosdem,
480 1539 670 1620 quibuscum
694 1557 919 1622 saepenumero
935 1539 1074 1604 Helvetii
1091 1540 1251 1621 congressi
1266 1559 1329 1604 non
1346 1542 1455 1606 solum

225 1647 258 1710 in
283 1646 357 1722 suis,
382 1644 557 1708 sedetiam
587 1645 620 1707 in
643 1645 771 1708 illorum
805 1645 921 1709 finibus
951 1646 1139 1728 plerumque
1171 1647 1364 1728 superarint,
1397 1648 1455 1729 qui

199 1754 335 1816 stamen
357 1769 450 1835 pares
475 1769 543 1815 esse
567 1752 676 1815 nostro
700 1753 851 1816 exercitui
873 1771 938 1816 non
960 1753 1131 1835 potuerint.
1180 1751 1315 1834 Siquos
1340 1752 1453 1818 adver-

227 1878 299 1923 sum
325 1858 478 1941 proelium
504 1859 537 1922 et
558 1857 636 1940 fuga
660 1857 826 1922 Gallorum
850 1862 1076 1935 commoveret,
1099 1860 1172 1935 boe,
1201 1859 1228 1922 si
1252 1863 1452 1940 quaererent,

225 1965 362 2048 reperire
384 1983 477 2047 posse
501 1964 712 2028 diuturnitate
735 1965 811 2030 belli
834 1965 1014 2047 defetigatis
1031 1965 1132 2030 Gallis
1148 1966 1353 2044 Ariovistum,
1377 1986 1454 2030 cum

224 2073 343 2136 multos
367 2090 492 2136 menses
517 2073 629 2136 castris
655 2091 688 2137 se
712 2091 749 2137 ac
771 2072 940 2156 paludibus
964 2073 1121 2138 tenuisset
1149 2091 1253 2154 neque
1283 2074 1334 2136 sui
1363 2076 1454 2156 pote-

297 2298 321 2339 4.
341 2285 413 2354 quod
427 2284 463 2351 si]
477 2283 543 2354 Kap.
554 2285 596 2350 14,
611 2285 637 2338 3.
653 2314 686 2323 -
700 2285 835 2352 amentia]
852 2285 1085 2354 „Verblendung“.
1101 2316 1135 2323 —
1150 2283 1295 2354 impulsas]
1310 2283 1370 2338 Anl.
1379 2285 1405 2339 J.
1416 2315 1452 2324 -

223 2391 277 2430 sca
366 2374 467 2442 ipsias]
494 2373 552 2427 sind
578 2372 747 2442 Gegonsdtze.
774 2403 808 2412 -
831 2375 991 2442 diligentia]
1013 2373 1321 2442 „Gewiesenbaftigkeit,
1345 2374 1453 2428 Pilicht-

224 2463 327 2517 treue“.
348 2491 380 2500 —
403 2462 549 2530 desperare
566 2462 612 2529 de]
632 2479 685 2530 „zu
703 2465 785 2516 etwas
802 2463 862 2517 kain
880 2463 1028 2516 Vertrauen
1045 2463 1161 2518 haben“.

298 2564 321 2606 a.
340 2550 432 2617 facere
451 2551 573 2604 alicuius
585 2551 754 2619 perieulum]
772 2551 868 2619 (hdngt
882 2568 1031 2605 zusammen
1049 2551 1100 2604 mit
1114 2552 1285 2620 capaci-orb
1305 2551 1383 2619 „sich
1401 2552 1453 2605 mit

221 2641 283 2711 jem.
299 2641 448 2706 versuohen,
467 2640 605 2710 messen“;
624 2669 658 2678 —
677 2641 817 2708 memoria]
836 2639 903 2710 Kap.
925 2641 968 2707 12,
986 2640 1012 2695 5.
1032 2671 1065 2679 -
1085 2657 1146 2696 cam
1213 2640 1371 2708 videbatur]
1391 2641 1453 2707 „als

223 2730 285 2797 (wo)
366 2729 517 2782 offenbar“:
536 2729 588 2797 vgl.
604 2727 663 2782 Anl.
679 2727 721 2783 0⁶.
742 2757 775 2766 -
795 2727 913 2784 Cimbris
988 2729 1092 2798 pulsis]
1110 2729 1178 2783 nach
1194 2728 1256 2792 1111.
1276 2727 1320 2782 Ll.
1340 2759 1375 2767 -
1393 2728 1452 2794 fac-

226 2820 297 2887 icm]
315 2819 429 2873 ndmlieb
444 2819 603 2888 periculam
621 2834 682 2873 esec.
702 2847 735 2856 —
753 2819 849 2872 servili
868 2820 990 2873 tumultu
1007 2819 1069 2886 etc]
1087 2818 1136 2872 Die
1149 2817 1268 2886 Sklaven,
1288 2817 1384 2872 welche
1402 2819 1454 2873 den

225 2908 358 2963 Ausetand
376 2908 510 2975 machten,
536 2924 622 2960 waren
640 2907 719 2960 meist
736 2907 967 2976 kriegsgefangene
985 2904 1144 2974 Germanou,
1169 2907 1266 2960 welche
1285 2907 1324 2960 als
1341 2906 1454 2960 Foebter

224 2996 416 3064 (Gladiatoren)
435 2997 462 3050 in
480 2997 575 3050 Italien
596 2996 637 3050 die
656 2996 783 3050 rdmische
801 2995 987 3065 Kriegslibung
1005 2997 1059 3050 und
1077 2995 1213 3065 Schulung
1230 2997 1332 3050 konnen
1349 2996 1454 3064 gelernt

224 3086 319 3140 hatten
336 3086 532 3155 (acceperant).
552 3116 585 3124 —
605 3086 681 3155 quoe]
700 3087 738 3138 ist
755 3089 866 3154 gesetat,
885 3086 924 3139 als
939 3087 971 3139 ob
986 3088 1057 3138 statt
1069 3087 1163 3141 servili
1176 3085 1344 3154 geschrieben
1359 3085 1453 3138 stdnde

224 3191 373 3230 corcosson.
394 3206 427 3214 -
447 3175 558 3244 aliquid
575 3173 679 3241 (Aecus.
700 3174 745 3228 des
763 3173 872 3240 Messes)
891 3175 963 3243 aiqm
980 3173 1130 3243 sublevare]
1152 3174 1234 3243 „jem
1253 3174 1453 3243 einigermalsen

225 3266 360 3318 zustatten
379 3265 532 3318 kommen“.
1226 3329 1228 3333 ἁ

299 3366 322 3406 o.
341 3359 478 3421 pacatum
491 3354 603 3408 taboret
617 3353 649 3406 ic
662 3369 689 3408 sc
703 3353 777 3420 doni]
798 3353 867 3420 „wie
880 3353 991 3406 heileem
1005 3353 1072 3406 sei“.
1092 3382 1126 3390 -
1145 3351 1315 3418 constantia]
1331 3351 1454 3420 „Festig-

224 3443 288 3508 keit,
298 3441 466 3496 Ausdauer“.
477 3471 511 3479 —
523 3458 591 3516 quos
645 3442 811 3510 timuissent]
822 3442 923 3496 scholio
932 3442 1020 3496 hintsr
1028 3441 1140 3516 bossin!
1151 3471 1185 3480 -
1199 3441 1236 3494 Es
1244 3440 1380 3510 empfiehlt
1389 3441 1454 3508 sich,

225 3531 297 3584 diese
306 3530 383 3584 Sdtze
392 3531 480 3601 passiv
490 3548 522 3583 zu
531 3530 647 3585 wenden.
656 3566 692 3576 -
704 3532 785 3585 timec
796 3531 832 3599 tc]
848 3531 905 3598 „du
914 3531 969 3585 bist
978 3531 1029 3584 mir
1038 3531 1080 3584 ein
1089 3529 1259 3599 Gegenstend
1268 3530 1315 3583 der
1322 3529 1423 3584 Furcht
1428 3531 1453 3584 “.

199 3609 202 3617 ’
300 3631 323 3674 a.
343 3619 471 3688 dacique]
499 3619 616 3687 „l‹urz“.
642 3649 676 3657 —
700 3620 760 3687 bos]
785 3620 823 3672 ist
845 3619 971 3689 Subjelt;
996 3619 1043 3672 wir
1068 3623 1156 3672 eetzen
1181 3619 1228 3672 dae
1252 3617 1393 3672 Neutrum.
1419 3648 1454 3656 -

226 3708 402 3779 quibusdan]
427 3708 465 3762 ist
488 3709 516 3762 in
542 3708 588 3762 der
605 3707 800 3762 Konstrulrtion
822 3707 868 3761 auf
885 3708 932 3761 das
950 3707 1158 3762 odberstehende
1177 3707 1314 3776 conpressi
1332 3708 1454 3776 beregen,

225 3797 321 3867 gebdrt
338 3798 401 3851 aber
420 3797 487 3851 auch
506 3815 538 3850 au
556 3798 731 3866 semermis&
751 3797 886 3866 conpressi
904 3798 1039 3850 dbersetze
1058 3796 1124 3850 nach
1142 3795 1209 3866 Kap.
1229 3797 1272 3862 36,
1291 3797 1308 3850 3
1328 3796 1382 3850 ond
1400 3797 1455 3850 ldse

226 3887 273 3940 auf
294 3887 363 3940 nach
386 3886 447 3940 Anl.
465 3885 487 3940 F
493 3885 517 3940 ²!
544 3916 577 3926 -
603 3887 652 3956 qui
670 3886 773 3953 tumea]
793 3886 934 3954 „wdhrend
958 3885 996 3939 sie
1020 3884 1116 3939 doch“.
1136 3903 1242 3954 —par
1267 3902 1329 3939 cmc
1352 3885 1453 3953 alicui]

227 3976 294 4044 „bin
310 3975 458 4044 jemandem
475 3977 636 4044 gewaehsen,
654 3976 731 4030 leiete
750 3975 950 4030 Wideretand“.

300 4076 325 4120 8.
345 4064 489 4121 adeersum
503 4065 652 4134 proelium]
671 4066 738 4136 Kap.
758 4067 804 4132 18,
829 4065 872 4119 10.
891 4093 925 4102 -
944 4064 1113 4132 commovere]
1132 4080 1153 4118 s.
1173 4080 1205 4117 au
1223 4067 1370 4118 commotus
1386 4061 1453 4132 Kap.

227 4155 271 4222 13,
289 4154 314 4208 2.
334 4183 368 4192 -
386 4155 506 4224 reperies
520 4155 612 4223 possa]
636 4154 734 4222 regiert
753 4154 804 4207 den
821 4152 881 4207 Aeo.
901 4170 923 4208 e.
942 4152 993 4206 Ini.
1013 4153 1183 4208 Ariouistum
1263 4150 1394 4207 adortum

225 4243 331 4298 vicisse.
358 4269 391 4280 -
415 4243 579 4314 defetipatis
598 4243 700 4310 Gallis]
726 4242 786 4295 sind
803 4239 864 4295 Abl.
883 4242 939 4296 ebs.
966 4271 1000 4280 -·
1026 4241 1126 4296 eastris
1147 4257 1176 4296 sc
1195 4241 1295 4308 tenere]
1320 4240 1384 4294 Wer
1407 4241 1455 4294 das

225 4330 303 4400 thot,
327 4332 438 4386 verldiet
461 4333 509 4386 das
532 4333 617 4401 leger
640 4331 723 4386 nicht.
749 4361 783 4369 -
808 4331 854 4386 eui
874 4335 1037 4399 potestatem
1059 4346 1117 4384 coa
1138 4318 1224 4397 forits
1241 4345 1291 4397 „er
1314 4328 1374 4383 liele
1399 4329 1456 4383 sich
