3134 4922
375 1068 424 1167 Ο.
453 1067 626 1166 IULII
655 1065 994 1179 CAESARIS

193 1249 316 1358 DE
361 1245 678 1357 BELLO
727 1246 1171 1359 GALLIOO

321 1440 749 1530 oouunnulnrus
785 1439 1046 1546 eulaeus

159 1724 215 1800 Ea,
240 1741 321 1805 quae
345 1723 454 1816 secuta
478 1723 535 1799 est,
559 1721 676 1798 hieme,
705 1721 760 1803 qui
789 1719 851 1784 fuit
882 1739 984 1784 annus
1009 1719 1118 1786 Gnaeo
1139 1719 1329 1804 Pompeio,l

62 1833 178 1896 Marco
214 1829 329 1894 Crasso
362 1829 565 1904 consulibua,
600 1827 749 1910 Usipetes
784 1825 936 1892 Germani
970 1828 1002 1891 et
1036 1827 1115 1892 item
1148 1827 1294 1892 Tencteri

63 1955 188 2019 magna
223 1954 296 2000 oum
326 1935 531 1999 mult'tudino
565 1935 731 1998 hominum
764 1933 885 1998 flumen
913 1934 1061 1998 Rhenum
1092 1935 1298 2009 transierunt,

63 2064 130 2108 non
155 2044 249 2124 longe
280 2060 299 2106 a
326 2041 422 2117 mari,
451 2059 513 2123 quo
544 2040 675 2104 Rhenus
706 2039 820 2104 influit.
877 2039 982 2104 Causa
1010 2040 1200 2104 transeundi
1227 2039 1324 2116 luiba

66 2149 154 2232 quod
180 2150 220 2213 ab
244 2147 357 2212 Suebis
381 2148 558 2229 complures
590 2165 688 2210 annos
713 2146 864 2228 exagitati
893 2146 976 2210 hello
1005 2147 1236 2228 premebantur
1264 2149 1297 2210 et

66 2256 267 2338 agricultura
289 2253 545 2336 prohibebantur.

161 2361 340 2425 Sueborum
363 2377 440 2440 gens
465 2361 514 2422 est
542 2359 634 2440 longe
665 2359 803 2422 maxima
833 2360 866 2422 et
894 2358 1136 2423 bellicosissima
1161 2356 1324 2423 German

68 2486 184 2532 norum
214 2466 366 2529 omnium.
423 2464 466 2527 Hi
496 2466 625 2528 eentum
652 2482 749 2546 pagos
772 2464 889 2528 habere
913 2464 1083 2540 dicuntur,
1114 2482 1151 2528 ex
1181 2464 1322 2546 quibust

68 2573 243 2656 quotannis
267 2570 504 2652 singulamilia
527 2571 724 2635 armatomm
745 2570 884 2635 bellandi
908 2589 1004 2635 eausa
1020 2589 1058 2634 ax
1080 2570 1196 2634 finibus
1221 2570 1297 2635 edu-

67 2682 157 2745 eunt.
192 2677 329 2759 Reliqui,
353 2677 408 2759 qui
431 2676 516 2740 domi
538 2678 735 2755 manserunt,
760 2696 793 2740 se
818 2678 914 2758 atque
938 2677 1009 2741 illos
1034 2678 1134 2741 alunt.
1169 2677 1212 2740 Hi
1227 2697 1323 2741 rur-s

68 2805 125 2850 sus
149 2785 182 2848 in
206 2784 308 2848 vinem
333 2801 414 2847 anno
437 2784 510 2866 post
533 2783 566 2846 in
590 2783 686 2847 armis
710 2786 799 2859 sunt,
828 2783 875 2846 illi
905 2782 990 2846 domi
1022 2784 1198 2847 remanent.
1245 2782 1324 2848 Sica

68 2910 173 2974 neque
198 2890 396 2972 agnoultura
425 2908 483 2954 neo
506 2889 587 2953 ratio
616 2890 712 2971 atque
742 2908 821 2952 usus
850 2889 926 2953 belli
955 2889 1187 2953 intermittitur.
1235 2887 1322 2952 Sodi

616 3084 639 3164 Ι.
668 3083 756 3164 leil.

401 3201 483 3262 Kap.
502 3201 597 3251 1—15.
627 3227 661 3235 —
688 3200 769 3252 Jahn
788 3201 827 3250 55
846 3211 876 3250 v·
896 3199 968 3251 chr.

143 3305 220 3373 Kap.
244 3306 273 3359 1.
315 3317 335 3357 l.
362 3321 406 3372 oo,
431 3319 501 3373 qaae
526 3309 619 3358 secuta
643 3304 694 3372 eat]
720 3303 779 3357 Aul.
799 3303 830 3357 B.
857 3333 890 3342 -
918 3302 968 3372 qut
991 3301 1048 3368 tait
1130 3303 1297 3373 omatibus]

70 3393 285 3465 parenthetisoh:
306 3410 355 3459 „os
373 3409 426 3446 war
445 3393 500 3446 dios
519 3392 567 3446 das
584 3392 819 3464 Konsulatsjahr‘f.
844 3422 877 3430 —
900 3391 1012 3460 ttamen]
1031 3391 1082 3445 Um
1101 3391 1300 3446 Milsvorsttind-

71 3484 112 3536 nis
132 3499 163 3536 nu
182 3481 342 3548 vermeidon,
367 3483 438 3534 sotzt
461 3480 507 3533 der
524 3481 646 3534 Iatoiner
669 3479 719 3534 dan
740 3480 962 3551 geographisohen
980 3479 1082 3534 Namen
1100 3479 1179 3534 maist
1197 3480 1239 3534 die
1256 3481 1300 3534 be·

71 3571 180 3624 sondero
198 3569 383 3637 Bonoiehnnng
400 3569 510 3637 flumen,
529 3586 606 3623 mons
624 3587 649 3622 u.
665 3585 685 3623 s.
699 3587 729 3622 w.
748 3569 798 3622 bei.
818 3599 851 3607 -
871 3568 935 3638 quo]
956 3594 987 3612 =
1007 3569 1039 3623 in
1057 3568 1139 3637 quod.

145 3670 168 3713 2.
188 3657 369 3725 transeundo]
388 3657 463 3710 Statt
477 3657 527 3711 den
541 3657 734 3726 Verbalbegriff
745 3675 776 3711 au
790 3657 969 3724 wiedorholon‚
989 3660 1077 3711 sataan
1092 3657 1139 3710 wir
1152 3658 1223 3725 ‚,os“
1238 3657 1300 3712 oder

70 3748 98 3823 jo
115 3747 181 3801 nach
201 3747 249 3800 dar
266 3745 460 3799 Konstrulrtion
480 3745 592 3813 „darom
611 3745 694 3812 daffir,
713 3745 803 3813 daran,
821 3746 949 3799 hiorvon“
969 3762 994 3800 u.
1010 3762 1030 3800 s.
1046 3761 1077 3800 w.
1097 3775 1129 3785 -
1152 3746 1240 3814 prem
1258 3746 1299 3813 ra]

74 3838 100 3896 ll
119 3839 219 3904 „uhter
236 3838 319 3888 etwas
338 3852 369 3888 zu
387 3833 472 3887 loidon
490 3833 611 3899 haben“;
630 3834 659 3899 2)
677 3851 732 3901 „an
750 3838 831 3888 etwas
849 3833 906 3888 Not
922 3833 1037 3889 laiden“.

146 3937 223 3979 ³—o.
238 3939 328 3992 paona
346 3920 456 3990 babere]
477 3922 524 3989 „in
543 3919 625 3989 Gaas,
643 3922 751 3975 Beairlre
771 3921 921 3976 nerfallen“.
947 3952 980 3961 -
1004 3938 1038 3977 ex
1054 3923 1157 3990 oniba
1174 3920 1299 3990 eduma]

75 4014 158 4079 „inber
176 4013 219 4066 dio
238 4009 357 4066 Gronaon
376 4011 527 4065 sohiolron“.
552 4037 584 4047 -
612 4009 668 4079 ato]
693 4012 719 4076 l)
738 4011 873 4080 aliquem:
893 4010 954 4077 „ioh
973 4011 1070 4065 sohaffe
1088 4011 1139 4064 den
1156 4010 1300 4064 Unterhalt

74 4102 114 4154 liir
129 4101 223 4170 jam.“;
250 4100 278 4165 2)
297 4098 421 4168 aliquid:
441 4099 504 4166 „ich
523 4099 620 4166 stiria,
638 4098 770 4153 befordere
789 4099 901 4153 etwas“.
921 4130 954 4138 -
979 4116 1079 4154 rursus
1096 4100 1128 4153 in
1145 4098 1239 4168 nicam]
1263 4098 1300 4152 Es

75 4189 109 4242 ist
126 4189 202 4242 nieht
220 4188 278 4242 eine
296 4187 379 4241 blolso
398 4187 602 4256 Wioderholung
621 4186 756 4241 dorselben
774 4187 932 4256 Handlung,
958 4188 1069 4242 sondem
1094 4205 1122 4242 os
1141 4190 1228 4241 treton
1246 4187 1301 4240 fiir

74 4277 137 4344 (lia,
156 4277 307 4331 waleheim
326 4277 429 4344 rorigon
448 4275 528 4329 Jahre
546 4276 574 4329 in
593 4275 643 4330 don
660 4275 742 4344 Krieg
760 4293 871 4346 gezogon
891 4292 984 4344 waren,
1004 4275 1128 4331 andere
1146 4276 1196 4330 oin.
1307 4273 1310 4287 ’

147 4378 161 4420 o
185 4383 208 4417 u.
234 4379 258 4420 a.
286 4365 363 4420 ratio
389 4365 452 4419 batti
478 4364 688 4432 intermittitur]
722 4381 803 4433 „man
831 4366 999 4420 vorabatumt
1025 4366 1067 4420 dio
1094 4365 1226 4419 Kanntnis
1253 4361 1318 4420 dan·

126 4453 181 4508 lm.
196 4453 273 4508 Gaas.
288 4453 366 4508 Bam.
381 4451 461 4508 Gara.
499 4453 535 4508 11.
1068 4455 1085 4507 8
