3172 4922
596 350 693 407 Comm.
711 351 733 419 Ι,
752 369 774 406 e.
793 351 872 407 5—7.
1332 351 1348 411 7

116 513 312 594 comparatis
336 513 421 577 diem
444 512 570 590 dieunt,
601 532 665 595 qua
693 514 743 578 die
769 513 809 578 ad
838 514 941 597 ripam
963 513 1112 578 Rhodani
1140 532 1251 578 omnes
1276 532 1349 578 oon·

115 618 258 682 veniant.
303 618 338 683 Is
368 619 435 684 dies
465 622 535 684 erat
559 637 585 683 a.
609 619 638 683 d.
658 619 700 684 ·V.
732 621 804 684 Kal.
827 622 926 704 April.
956 621 990 684 L.
1014 620 1128 686 Pisone
1151 623 1188 684 A.
1212 619 1348 686 Gabinio

117 725 312 790 oonsulibus.

208 830 341 897 Caesari
356 851 429 897 oum
447 832 480 896 id
503 832 689 897 nuntiatum
714 836 808 910 esset,
832 853 884 898 eos
906 819 972 917 p'er,
986 832 1182 917 provinciam
1204 835 1377 896 nostram?

119 939 180 1004 iter
210 938 316 1004 faeere
348 940 470 1018 conari,
499 941 644 1004 maturat
673 941 712 1004 ab
743 941 821 1004 urbe
844 940 1000 1024 profioisei
1024 942 1057 1004 et
1080 957 1177 1021 quarn
1199 938 1347 1031 maximis

119 1047 225 1128 potest
247 1047 416 1110 itineribus
447 1047 481 1108 in
505 1044 644 1111 Galliam
667 1045 853 1110 ulteriorem
876 1045 1040 1111 contendit
1063 1047 1096 1110 et
1119 1044 1158 1109 ad
1183 1043 1348 1110 Genavam

119 1151 275 1234 pervenit.
312 1152 497 1216 Provinoiae
513 1151 574 1215 toti
590 1169 688 1232 qnam
703 1153 880 1217 maximum
894 1153 1002 1234 potest
1016 1152 1157 1216 militum
1176 1167 1372 1214 numerumn

119 1257 257 1339 imperat
281 1257 364 1340 (erat
388 1257 514 1322 omnino
537 1257 571 1320 in
595 1256 700 1322 Gallia
724 1258 873 1322 ulteriore
897 1257 978 1339 legio
1002 1256 1095 1341 una),
1122 1259 1270 1341 pontem‚'
1292 1256 1347 1337 qui

120 1366 190 1428 erat
214 1364 255 1428 ad
277 1364 457 1440 Genavam,
487 1363 577 1428 iubet
606 1364 752 1428 rescindi.
798 1364 863 1429 Ubi
886 1363 924 1428 de
949 1365 1017 1428 eius
1046 1363 1185 1429 adventu
1208 1361 1372 1427 Helvetiis

120 1471 271 1535 certiores
294 1470 372 1534 faeti
395 1472 481 1548 sunt,
503 1471 626 1551 legatos
651 1470 691 1534 ad
715 1490 790 1535 eum
812 1470 948 1534 mittunt
970 1470 1183 1535 nobilissimos
1199 1468 1347 1546 eivitatis,

120 1576 211 1641 euius
242 1577 410 1658 legationis
433 1576 622 1641 Nammeius
655 1580 687 1641 et
710 1577 934 1642 Veruoloetius
957 1577 1138 1660 prineipum
1164 1577 1271 1666 loonm
1294 1575 1348 1639 ob-

119 1683 279 1760 tinebant,
308 1684 364 1765 qui
393 1683 535 1748 dicerent
566 1683 626 1748 sibi
650 1702 718 1748 esse
742 1684 775 1747 in
799 1684 903 1748 animo
928 1683 995 1748 sine
1018 1684 1084 1747 ullo
1107 1679 1262 1747 malefioio
1285 1681 1348 1745 iter

118 1809 174 1873 per
190 1790 386 1872 provinoiam
409 1789 523 1866 faeere,
545 1791 714 1872 propterea
739 1789 822 1872 quod
847 1790 933 1853 aliud
958 1790 1019 1854 iter
1034 1791 1190 1855 haberent
1204 1789 1346 1862 nullum3

119 1912 241 1976 rogare,
264 1897 303 1959 ut
327 1896 394 1960 eius
418 1897 583 1960 voluntate
607 1895 639 1959 id
664 1896 723 1960 sibi
746 1895 849 1960 faeere
872 1896 975 1960 lioeat.
1023 1895 1149 1973 Caesar,
1173 1894 1258 1977 quod
1280 1911 1371 1958 mes

77 2072 80 2082 ,
118 2001 221 2065 moria
245 2000 375 2066 tenebat
389 2001 425 2064 L.
442 2001 591 2067 Cassium
606 2003 769 2066 oonsulem
793 2002 932 2066 oeeisum
956 2003 1191 2084 exereitumqoe
1214 2002 1283 2066 eius
1307 2001 1347 2065 ab

118 2107 277 2172 Helvetiis
299 2109 430 2190 pulsum
461 2110 494 2172 et
517 2109 576 2172 sub
599 2109 711 2190 iugum
736 2108 885 2186 missum,
908 2109 1145 2174 coneedendum
1168 2127 1231 2173 non
1253 2109 1348 2191 puta·

118 2320 191 2375 diem
216 2319 317 2386 dicere]
345 2319 441 2386 „einen
465 2318 521 2387 Tag
545 2319 749 2374 anbersumen“.
774 2349 808 2358 ·-
833 2337 890 2388 qua
914 2320 1093 2389 conveniant]
1118 2337 1139 2375 s.
1162 2318 1224 2374 Aul.
1243 2317 1293 2374 Nl
1313 2347 1347 2360 -

117 2428 142 2465 a.
164 2409 191 2464 d.
211 2409 242 2464 V.
257 2408 324 2463 Kal.
338 2407 444 2478 April]
465 2432 496 2450 =
517 2413 583 2463 ante
602 2407 675 2463 diem
693 2408 822 2477 quintam
839 2408 985 2464 Kalendas
1002 2409 1113 2478 Apriles
1127 2433 1162 2454 --
1176 2409 1201 2464 d.
1217 2409 1260 2463 28.
1274 2409 1347 2463 Mira

116 2499 162 2566 (ts
181 2515 205 2552 v.
224 2496 306 2563 cm).

188 2585 268 2654 xeo·
287 2587 315 2640 7.
357 2598 378 2638 1.
397 2585 450 2660 iter
463 2584 567 2653 faeere]
581 2585 785 2653 „marsohisren
805 2585 924 2640 ziehen“.
944 2614 977 2624 -
997 2584 1107 2654 omri]
1121 2586 1179 2640 hier
1191 2587 1259 2640 noch
1272 2586 1347 2640 nieht

117 2675 315 2744 „rersuchen“,
330 2674 443 2728 sondem
458 2674 564 2741 „demit
577 2673 714 2742 umgehen‚
728 2674 956 2743 beabsiehtigen“.
972 2704 1005 2713 -
1019 2675 1156 2742 maturat]
1170 2691 1191 2728 s.
1201 2674 1262 2729 sm.
1273 2673 1301 2729 C.
1312 2704 1346 2713 -

116 2781 202 2835 quom
220 2763 348 2818 maximis
362 2768 453 2832 potest
471 2761 632 2830 itineribus]
646 2787 681 2806 =
696 2779 780 2831 quam
792 2764 921 2818 maximis
934 2764 1090 2830 itineribus,
1110 2781 1131 2818 s.
1145 2763 1214 2834 Kap.
1228 2765 1253 2831 3,
1272 2765 1296 2818 1.
1311 2792 1345 2801 —

115 2851 182 2922 iter]
201 2852 328 2906 bedeotet
344 2852 403 2905 hier
420 2852 475 2905 und
494 2851 533 2905 oft
551 2851 601 2905 den
614 2851 671 2905 Tell
690 2852 736 2905 des
750 2852 854 2920 Weges,
873 2853 923 2906 den
935 2852 1043 2921 jemand
1056 2852 1103 2906 aui
1114 2852 1161 2906 der
1173 2852 1270 2906 Reise
1283 2851 1346 2905 oder

116 2942 177 2996 dem
195 2941 344 2995 Marsehe
362 2957 396 2994 sn
414 2940 498 2994 einern
516 2939 600 3008 Tage
619 2941 811 3010 zurdelrgelegt.
831 2969 864 2980 —
885 2941 923 2996 ad
939 2941 1091 3008 Genavam]
1109 2940 1225 2994 Beaohte
1244 2939 1296 2994 ad!
1311 2969 1345 2979 —

111 3029 290 3099 pervenire]
309 3029 356 3083 wir
375 3029 527 3098 „gllioklieh
545 3030 681 3098 gelangen,
701 3030 892 3098 angelangen“.

191 3130 214 3173 2.
233 3119 355 3172 militum
373 3132 518 3171 numerum
536 3117 663 3186 imperat]
683 3119 788 3187 impero
812 3119 850 3173 ist
875 3119 921 3172 dor
940 3118 1062 3188 stitndige
1079 3116 1219 3172 Ausdruek
1237 3119 1279 3174 liin
1298 3119 1345 3174 das

115 3206 251 3274 Anilegsn
269 3224 320 3261 von
337 3207 497 3276 Leistungen
516 3207 578 3261 oder
591 3207 779 3276 Lieferungen3
799 3205 839 3262 oft
856 3207 922 3263 istst
940 3225 967 3262 es
987 3208 1043 3262 sich
1057 3209 1225 3263 iibersetzen:
1243 3208 1345 3263 belehle

116 3313 149 3350 zu
168 3295 273 3363 stellam
293 3313 325 3348 zu
338 3295 446 3361 liefern;
465 3295 533 3348 lasse
547 3296 598 3348 mir
610 3296 702 3363 geben,
722 3296 825 3364 stellen,
844 3297 952 3364 ferdere,
973 3297 1101 3366 verlange.
1123 3327 1157 3337 —
1175 3298 1245 3365 aaa]
1266 3297 1346 3366 „eine

115 3384 239 3454 einzige“
259 3384 321 3438 oder
339 3402 412 3452 „nur
429 3385 517 3439 eine“.
537 3415 571 3424 —
586 3401 666 3454 prmo,
685 3386 735 3454 qui
754 3391 816 3440 erat
833 3385 873 3440 ad
895 3385 1047 3455 Genavam]
1067 3404 1087 3441 s.
1106 3385 1167 3441 Anl.
1186 3387 1217 3440 Β.

190 3486 214 3528 a.
234 3473 427 3542 nobilissimos]
445 3474 483 3527 ist
500 3473 664 3529 Substantir.
691 3501 724 3512 -
751 3474 832 3529 maias
851 3475 997 3546 tortionis
1016 3516 1077 3544 ...‚
1102 3477 1150 3546 qai
1170 3471 1302 3546 dicerent]
1322 3491 1345 3529 s.

114 3561 176 3617 Anl.
196 3561 236 3629 N3
262 3562 298 3615 im
317 3562 468 3616 Deutsohen
494 3566 565 3617 setae
588 3561 663 3617 beide
681 3563 751 3616 Male
775 3566 845 3617 ststt
863 3564 909 3618 des
926 3565 1091 3618 Relativums
1110 3565 1157 3618 das
1176 3565 1345 3618 Demonstra-

115 3653 213 3706 tiruml
239 3680 273 3689 -
298 3651 473 3720 (tonationis)
486 3652 629 3720 princeps]
656 3652 726 3720 „der
744 3651 941 3708 warennam.
960 3683 993 3692 —
1015 3654 1102 3709 baem
1124 3652 1255 3720 obtinere]
1282 3652 1343 3720 „als

115 3743 199 3795 etwas
217 3740 377 3807 ersoheinen,
396 3740 557 3794 auftroten‘fi
578 3770 612 3780 —
631 3740 699 3796 mibi
713 3747 753 3796 est
766 3741 799 3794 in
812 3740 916 3809 eninm]
935 3766 970 3788 =
984 3743 1071 3798 babeo
1084 3742 1117 3796 ia
1131 3742 1236 3797 animo:
1255 3740 1344 3808 „habe

115 3830 151 3884 im
177 3827 257 3896 Sinn,
282 3829 329 3882 bin
352 3828 477 3896 Willens,
501 3828 710 3898 beabsiohtige“.
736 3857 770 3866 -
796 3829 973 3899 maleficium]
999 3830 1289 3900 ,‚Fomdseligkeitan“.
1308 3856 1343 3867 -

114 3917 227 3988 repere]
246 3922 357 3985 ergitnzs
374 3933 409 3970 se.
429 3946 462 3956 —
481 3917 541 3971 eius
559 3917 709 3985 volontate]
730 3918 801 3985 „mit
820 3910 905 3972 seinai
922 3919 1131 3988 Bewilligung“;
1157 3935 1185 3973 es
1203 3917 1269 3972 litist
1288 3917 1344 3971 sioh

116 4005 162 4060 der
180 4005 242 4060 Sata
261 4005 298 4058 im
316 4005 466 4059 Deutsohen
485 4007 634 4060 verkiirnen.

186 4107 211 4149 4.
232 4093 344 4161 Caesar,
362 4093 446 4162 quod]
462 4111 482 4150 s.
497 4095 557 4149 Anl.
571 4095 604 4149 V.
623 4125 657 4133 —
675 4097 806 4158 memoria
821 4097 908 4164 teneo]
928 4097 992 4164 „iob
1005 4096 1079 4150 weiss
1092 4097 1168 4150 reeht
1181 4096 1257 4164 wohl,
1275 4097 1344 4150 habe

116 4183 190 4238 nieht
207 4183 378 4251 rergesssn“.
398 4211 431 4220 —
452 4183 486 4237 ab
504 4184 649 4252 Helvetiis]
674 4184 769 4252 gehbrt
792 4202 824 4238 zu
848 4186 917 4240 allen
942 4186 999 4240 drei
1016 4185 1181 4253 infinitiven;
1205 4185 1344 4240 dissitas

116 4271 218 4326 werden
237 4273 273 4326 im
292 4271 444 4326 Deutsehen
462 4272 552 4328 besser
570 4273 643 4327 sktiv
667 4273 817 4341 gewendet3
841 4290 939 4328 warum
962 4275 1113 4329 erseheinen
1137 4274 1173 4328 sie
1195 4275 1231 4328 im
1249 4273 1343 4328 Latein

116 4361 143 4416 in
160 4361 280 4432 passiver
296 4359 395 4414 Form?
972 4361 976 4368 '
