3134 4922
541 346 637 402 Comm.
657 346 687 413 V,
707 364 729 401 c.
748 349 844 402 9-12.
1254 348 1303 410 lbi

87 507 157 571 alios
180 509 297 572 arcessi
319 508 424 581 inbet;
448 507 586 572 Labieno
610 509 732 585 scribit,
755 511 805 585 ut,
830 527 927 591 quam
948 510 1103 592 plurimes
1126 512 1242 594 possit,
1266 512 1329 577 iisi

87 613 270 694 legionibus
294 632 375 695 quae
399 616 476 677 sunt
500 615 585 696 apud
609 633 698 699 enm,
721 634 817 679 naves
840 616 999 680 instituat.
1044 616 1133 699 ipse,
1163 618 1224 681 etsi
1253 637 1329 683 ress

88 722 148 783 orat
169 721 290 784 multae
315 738 427 802 operae
452 739 488 784 ao
511 721 636 798 laboris,
659 723 768 786 tamen
784 722 1076 786 commodissimum
1098 741 1167 788 osse
1191 725 1306 788 statuit

87 844 186 889 omnes
209 844 308 890 naves
333 825 467 891 subduci
491 828 619 892 etcum
643 828 756 892 castris
780 847 845 891 una
867 829 1042 894 munitione
1066 831 1221 911 coniungi.
1266 830 1329 894 Ina

87 932 130 994 his
152 933 247 997 rebus
272 932 396 996 circiter
420 932 488 996 dies
510 933 541 996 X
564 933 722 998 consumit
744 953 784 997 no
807 934 971 998 nocturnis
1000 935 1127 1016 quidem
1156 936 1305 1018 tempori·

87 1040 138 1102 bus
161 1039 199 1102 sd
222 1039 365 1104 laborem
394 1039 534 1103 militum
563 1040 762 1104 intermissis.
810 1039 981 1105 Subductis
1011 1041 1144 1105 naribus
1176 1043 1327 1106 castris-i

87 1163 140 1225 que
163 1145 288 1226 egregie
312 1144 443 1208 munitis
468 1146 595 1209 easdem
619 1147 741 1228 copias,
773 1164 852 1227 quas
877 1150 967 1223 anto,
990 1147 1146 1229 praesidio
1169 1149 1303 1212 novibus

87 1251 221 1332 reliquit,
244 1251 314 1334 ipse
339 1252 458 1328 eodem,
480 1252 564 1315 unde
587 1253 735 1328 redierat,
758 1253 975 1336 proficiscitur.
1006 1253 1053 1317 Flo
1069 1273 1141 1317 oum
1157 1253 1330 1332 uenissets

86 1357 211 1421 maiores
234 1358 301 1422 iam
324 1358 464 1439 undique
487 1359 520 1421 in
545 1377 618 1422 eum
641 1360 747 1423 locum
770 1359 877 1441 copiae
901 1360 1130 1424 Britannorum
1153 1379 1306 1424 convene-

87 1465 151 1526 rant
173 1483 300 1528 summa
322 1464 446 1546 imperii
469 1465 606 1546 bellique
632 1465 875 1529 administrandi
898 1466 1059 1530 communi
1083 1467 1211 1530 oonsilio
1234 1485 1304 1549 per-

86 1570 176 1634 missa
207 1570 464 1644 Cassivellaun03
495 1571 585 1634 ornus
614 1571 694 1635 fines
725 1590 744 1634 a
774 1573 943 1636 maritimis
974 1572 1156 1636 civitatibus
1186 1572 1306 1636 fiumen

87 1675 204 1754 diuidit,
230 1677 317 1758 quod
341 1678 521 1760 appellatur
544 1678 702 1754 Tamesis,
734 1697 752 1740 a
782 1680 864 1741 mari
887 1679 1012 1743 circiter
1041 1679 1129 1743 milia
1152 1697 1306 1760 passuum

87 1781 203 1846 LXXX.
249 1783 335 1846 Huic
365 1783 524 1865 superiore
555 1785 697 1867 tompore
730 1803 803 1847 cum
837 1785 968 1866 reliquis
999 1785 1180 1849 civitatibus
1208 1786 1330 1849 conti-s

87 1890 185 1953 nentia
209 1891 295 1954 bella
317 1889 580 1964 intercesserant;
612 1889 668 1952 sod
696 1891 803 1953 nostro
834 1890 972 1954 adventu
1002 1890 1137 1974 permoti
1159 1891 1306 1956 Britanni

87 1995 162 2060 huno
184 1996 245 2060 toti
269 1997 353 2060 bello
376 1995 571 2079 imperioque
595 1995 821 2078 praefecerant.

166 2102 354 2166 Britanniae
377 2120 451 2184 pars
475 2102 606 2165 interior
635 2103 674 2166 ab
704 2102 743 2165 iis
773 2103 937 2179 incolitur,
968 2122 1046 2184 quos
1076 2106 1167 2168 natos
1196 2105 1229 2167 in
1259 2105 1358 2168 inlu

89 2208 150 2270 sula
178 2209 240 2291 ipsi
272 2208 425 2272 memoria
454 2208 616 2290 proditum
647 2209 771 2284 dicunt,
802 2209 964 2272 maritima
994 2229 1068 2291 pars
1100 2212 1138 2275 ab
1169 2211 1223 2287 iis,
1252 2211 1331 2293 quir

89 2314 213 2395 praedae
238 2333 277 2378 ac
299 2315 375 2378 belli
397 2313 553 2378 inferendi
576 2333 673 2378 causa
696 2333 734 2379 ex
756 2315 867 2396 Belgio
890 2317 1085 2380 transierant
1108 2317 1177 2400 (qui
1197 2336 1305 2382 omnes

89 2417 145 2484 fere
167 2421 204 2484 iis
228 2420 410 2484 nominibus
435 2419 602 2484 civitatum
626 2421 843 2504 appellantur,
868 2422 982 2502 quibus
1014 2423 1074 2486 orti
1104 2442 1141 2487 ex
1171 2423 1307 2486 civitati·

153 2609 228 2651 a-s.
248 2612 333 2666 quam
348 2595 600 2667 centemnunt]
620 2597 742 2650 vorbinde
760 2599 810 2650 mit
828 2599 930 2652 noces!
954 2599 1005 2667 vgl.
1024 2599 1090 2668 Kap.
1111 2599 1134 2666 1,
1157 2601 1179 2651 1.
1209 2624 1241 2634 -
1269 2599 1306 2653 iis

89 2684 238 2753 legionibus,
258 2701 330 2754 quur
347 2690 413 2740 aunt
431 2685 511 2753 obuii
528 2685 601 2754 eum]
619 2686 681 2740 Anl.
700 2686 731 2740 B.
752 2715 785 2723 --
804 2702 846 2741 res
859 2688 941 2740 multi
960 2688 1062 2742 laboris
1080 2687 1128 2755 esi]
1148 2687 1210 2753 „dia
1225 2686 1306 2740 Socho

89 2771 168 2827 bostat
184 2775 235 2828 viel
249 2774 362 2828 Monet
378 2803 410 2812 -
431 2775 596 2844 commodus]
616 2791 814 2843 „angemossem
834 2774 1022 2844 zweclmiisig,
1041 2778 1157 2844 gersten,
1176 2776 1256 2844 gut“.
1272 2806 1306 2814 -

88 2863 355 2930 stonro]IV,16,1.
379 2887 413 2900 -
436 2863 596 2931 subduccre]
615 2864 661 2930 IV,
684 2864 731 2930 29,
750 2865 776 2917 2.
806 2893 838 2902 -
866 2881 926 2917 una
952 2865 1104 2918 munitione
1131 2864 1305 2932 contruncare]

88 2949 133 3014 „in
150 2950 219 3004 einer
237 2951 354 3020 einnigen
374 2950 540 3020 Umwallung
558 2951 736 3020 vereinigen“.

153 3051 228 3096 s—s.
247 3040 281 3093 in
295 3039 441 3106 insuetus]
460 3041 492 3094 in
509 3039 583 3108 giabt
601 3057 642 3107 an,
661 3041 751 3094 womit
769 3057 798 3093 er
816 3040 857 3093 die
872 3041 930 3093 Zeit
948 3041 1091 3109 verbringt.
1110 3067 1142 3076 -
1162 3041 1306 3094 noctrnnis

88 3127 245 3194 temporibus
264 3127 304 3182 au
323 3123 442 3182 laborem
461 3127 637 3195 intermissis]
663 3129 702 3182 cd
719 3129 794 3197 giebt
813 3145 860 3194 an,
889 3128 969 3181 wofur
987 3145 1016 3181 er
1033 3128 1075 3181 die
1093 3128 1150 3181 Zait
1167 3127 1242 3180 nicht
1259 3145 1306 3181 un-

88 3213 189 3269 bonutzt
206 3215 281 3270 lisst.
302 3242 335 3252 -·
354 3223 461 3270 summo
479 3216 591 3283 imperii
668 3216 815 3285 pomnen]
830 3216 931 3284 Infolge
946 3216 992 3269 der
1006 3214 1103 3270 Gefahr
1116 3233 1246 3269 emennon
1264 3216 1306 3270 dio

88 3317 117 3354 nn
133 3303 185 3356 und
198 3305 241 3358 fiir
256 3303 313 3357 sich
326 3302 523 3371 selbstbndigen
536 3302 646 3356 Staaten
665 3303 739 3358 einen
758 3304 1033 3372 gemeinschaftlichen
1046 3303 1228 3372 Kriogsherm,¹
1247 3304 1306 3358 dem

89 3390 132 3443 mit
148 3391 205 3446 dom
223 3391 381 3448 Obarbefahl
399 3392 533 3445 natiirlich
551 3393 619 3446 auch
637 3392 679 3446 die
697 3392 896 3462 Kriegsleitung
913 3393 1072 3460 fibertragsn
1090 3392 1163 3446 wind.

153 3492 175 3535 s.
193 3481 263 3535 mibi
277 3485 366 3534 tecnon
380 3480 479 3534 belluno
493 3481 659 3548 brtcrcesoit]
679 3481 744 3549 „ioh
758 3482 825 3536 haba
837 3483 887 3535 mit
902 3481 943 3534 dir
955 3481 992 3534 im
1005 3481 1101 3550 Kriege
1115 3483 1222 3551 gelegen
1230 3483 1256 3538 “.
1272 3513 1305 3521 —

88 3569 264 3638 coutinentia]
283 3568 393 3622 vertriit
411 3569 453 3622 ein
472 3568 612 3623 deutschos
630 3569 743 3624 Adverb.
763 3599 797 3608 -
814 3570 943 3640 pernwti]
963 3568 1023 3624 Anl.
1042 3570 1067 3624 J.

152 3655 229 3727 sap.
248 3657 299 3714 12.
340 3669 361 3711 ι.
380 3673 447 3725 pars
466 3657 595 3726 interior]
620 3675 699 3727 pars,
718 3659 794 3728 regio
812 3658 959 3712 vorwendot
977 3658 1023 3712 der
1040 3659 1176 3725 Latainer,
1195 3676 1240 3712 um
1258 3660 1306 3713 Bo

87 3743 441 3812 gunewie„1rinnan1and,
466 3745 653 3800 Klistenland“
674 3765 705 3800 zu
723 3747 912 3801 umschroiben.
942 3777 975 3785 —
1003 3747 1038 3801 ab
1056 3747 1104 3815 iio]
1128 3747 1234 3802 bbulich
1258 3748 1305 3801 wie

89 3832 119 3884 ab
135 3833 176 3888 lu's
193 3833 239 3901 IV,
259 3834 302 3900 13,
322 3835 346 3888 l.
367 3861 400 3872 -
419 3851 487 3904 quos
567 3835 624 3905 ipsi
639 3877 644 3888 .
657 3877 680 3890 ..
696 3836 807 3905 dimini]
825 3833 886 3889 Aul.
902 3834 950 3890 0³.
971 3866 1003 3875 -
1022 3841 1104 3890 notos
1121 3836 1197 3903 (esse)
1216 3837 1248 3890 in
1261 3837 1305 3890 in·

87 3920 156 3987 suu]
173 3921 227 3975 Fur
245 3921 478 3990 „Ureinwohner“
497 3924 546 3977 hat
564 3924 610 3978 dor
627 3924 750 3979 Lateiner
767 3925 828 3978 kain
846 3925 930 3979 Wort.
960 3953 992 3962 ·-
1020 3926 1150 3980 memorio
1163 3925 1306 3993 proditiosa

88 4005 286 4078 incaluissent]
305 4011 348 4065 Sis
367 4027 447 4080 sagon
465 4029 493 4065 es
512 4013 567 4066 also
585 4013 660 4066 nicht
677 4013 822 4079 bestimmt,
842 4012 953 4067 sondern
971 4028 1030 4080 nur,
1049 4012 1108 4066 dass
1126 4029 1154 4066 es
1172 4013 1239 4066 nach
1259 4013 1305 4066 der

89 4097 247 4153 mindlichen
264 4089 465 4169 llberlieforung
484 4117 512 4154 so
531 4101 576 4154 sei.

155 4197 177 4240 r.
196 4188 260 4242 belii
278 4187 420 4254 inferendi
438 4190 536 4258 causa]
548 4190 593 4256 IV,
608 4189 651 4256 30,
666 4189 697 4255 23
717 4190 908 4260 anteprechend
921 4191 1056 4244 liberastis
1073 4190 1198 4260 praedm
1219 4205 1305 4244 causa

86 4271 200 4339 (cruda
219 4301 251 4320 =
272 4276 419 4344 „Raub“)!
439 4305 471 4318 -
491 4279 540 4347 qui
558 4278 661 4345 onmes]
679 4275 745 4332 Gieb
764 4277 805 4331 dia
823 4278 931 4338 relativo
949 4277 1120 4347 Verbindung
1137 4273 1195 4332 anf!
1217 4307 1250 4317 -
1269 4279 1306 4332 iis

89 4364 238 4420 nominibus
262 4365 418 4434 ciuitatum]
443 4367 578 4420 iibersetzo
602 4366 650 4420 wie
673 4366 830 4422 nominibus
847 4382 944 4421 eurum
962 4367 1031 4422 cio.!
1056 4395 1088 4405 -
1108 4367 1175 4434 orti]
1201 4367 1305 4420 bezieht
