3136 4928
526 367 623 424 Comm.
643 369 701 437 VH,
721 387 742 424 c.
763 371 876 425 77-79.
1263 372 1318 436 3θῖ

75 527 162 609 quid
191 527 240 590 illi
269 529 371 594 simile
395 529 477 594 bello
507 529 594 594 fuit?
639 531 841 616 Depopulata
865 532 969 598 Galba
992 533 1112 600 Cimbri
1134 555 1313 619 magnaque

75 635 185 701 inlata
221 637 403 707 calamitate
437 637 553 702 finibus
589 638 718 719 quidem
751 640 870 704 nostris
906 641 1075 722 aliquando
1111 647 1314 710 excesserunt

75 744 183 823 atque
208 743 287 807 alias
310 745 414 808 terras
437 744 619 826 petierunt3
650 745 736 822 iura,
759 746 862 827 leges,
886 765 993 828 agros,
1016 748 1200 814 libertatem
1222 751 1312 816 nobis

76 850 294 930 reliquerunt.
340 851 476 915 Romani
505 870 579 916 vero
610 851 686 933 quid
716 855 832 935 petunt
869 854 956 918 aliud
991 857 1047 919 aut
1082 856 1159 936 quid
1192 858 1312 933 volunt,
1328 877 1357 918 rs

75 957 144 1020 nisi
174 957 294 1020 invidia
318 957 461 1034 adducti,
492 976 570 1039 quos
594 958 680 1022 fama
702 960 824 1024 nobiles
851 963 1062 1043 potentesque
1091 962 1171 1028 bello
1201 983 1314 1046 cogno·

76 1066 214 1141 verunt,
242 1065 358 1128 horum
380 1065 414 1128 in
438 1065 522 1146 agris
546 1065 790 1148 civitatibusque
814 1068 975 1134 considere
1005 1071 1101 1151 atque
1131 1070 1180 1135 his
1211 1074 1313 1136 aeter-

73 1189 158 1234 nam
182 1171 348 1252 iniungere
373 1172 581 1238 servitutem?
619 1173 731 1254 Neque
756 1173 840 1237 enim
864 1175 931 1238 ulla
955 1176 1018 1239 alia
1034 1175 1213 1241 condicione
1229 1178 1335 1242 bella

75 1279 261 1360 gesserunt.
308 1277 400 1357 Quod
423 1279 451 1343 si
474 1297 527 1356 ea,
558 1297 640 1360 quac
669 1279 702 1342 in
731 1281 913 1362 longinquis
942 1282 1124 1347 nationibus
1149 1285 1355 1364 geruntur,1c

75 1385 247 1467 ignoratis,
269 1385 416 1468 respicite
439 1385 609 1451 finitimam
634 1385 781 1464 Galliam,
806 1406 886 1469 quae
910 1388 943 1452 in
965 1389 1160 1472 provinciam
1183 1391 1312 1456 redacta

72 1493 148 1556 iure
182 1494 215 1556 et
243 1491 367 1574 legibus
391 1492 594 1556 commutatis
619 1493 783 1558 securibus
808 1495 950 1560 subiecta
977 1499 1131 1579 perpetua
1153 1499 1310 1580 premitur

72 1598 237 1663 servitute
246 1605 271 1661 “.

171 1705 346 1770 Sententiis
370 1705 463 1770 dictis
487 1706 701 1782 const'tuunt‚
724 1709 762 1770 ut
785 1707 815 1783 ii,
840 1707 894 1788 qui
917 1709 1099 1774 valetudine
1124 1713 1181 1775 aut
1204 1713 1364 1776 aetate78

74 1811 212 1878 inutiles
237 1813 313 1876 sunt
336 1812 432 1890 bello,
457 1813 570 1896 oppido
595 1813 762 1891 excedant,
786 1815 883 1895 atque
907 1816 1014 1880 omnia
1036 1817 1124 1899 prius
1148 1819 1310 1900 experian-

73 1921 147 1995 tur,
174 1937 273 1999 quam
289 1918 330 1982 ad
346 1918 525 2000 Critognati
546 1921 738 1984 sententiam
761 1920 971 1996 descendant;
995 1922 1049 1987 illo
1073 1926 1181 1988 tamen
1203 1924 1335 2006 potiusa
1445 1905 1447 1909 Α

73 2024 238 2090 utendum
261 2025 399 2102 consilio,
423 2026 450 2090 si
473 2044 525 2090 res
550 2028 642 2108 cogat
665 2029 761 2108 atquo
785 2029 902 2092 auxilia
925 2032 1107 2107 morentur,
1132 2049 1229 2112 quam
1251 2033 1310 2095 aut

73 2131 249 2197 deditionis
279 2135 335 2196 aut
357 2133 444 2216 pacis
468 2133 667 2198 subeundam
691 2134 914 2199 condicionem.
960 2136 1140 2214 Mandubii,
1171 2138 1226 2219 qui
1256 2155 1335 2203 cosa

72 2239 195 2322 oppido
229 2242 430 2322 receperant,
466 2259 540 2304 curn
568 2239 675 2304 liberis
707 2243 803 2322 atque
839 2241 988 2306 uxoribus
1024 2243 1107 2308 exire
1142 2246 1308 2326 coguntur.

73 2346 132 2422 Hi,
158 2365 233 2410 cum
257 2346 512 2410 admonitiones
535 2346 752 2410 Romanorum
782 2348 1001 2428 accessissent,
1024 2348 1138 2414 flentes
1162 2352 1330 2416 omnibus*

72 2453 226 2536 precibus
251 2454 392 2530 orabant,
420 2474 441 2516 u
481 2472 514 2518 se
538 2454 571 2517 in
586 2453 783 2518 servitutem
806 2457 948 2537 receptos
973 2455 1041 2520 cibo
1064 2455 1219 2520 iuvarent.
1264 2460 1332 2521 Ata

72 2560 199 2626 Caesar
222 2560 382 2643 dispositis
406 2561 438 2623 in
462 2561 545 2624 vallo
569 2560 754 2625 custodibus
778 2561 875 2645 recipi
898 2561 1094 2644 prohibebat.

87 2725 90 2734 .
167 2667 296 2730 Interea
326 2666 488 2732 Commius
519 2667 697 2749 reliquique
734 2667 846 2744 doceo,
883 2669 997 2749 quibus
1028 2687 1154 2736 summa
1181 2669 1361 2753 imperiiill

72 2775 235 2857 permissa
259 2776 336 2851 erat,
360 2793 433 2839 cnm
456 2774 602 2839 omnibus
626 2774 723 2856 copiis
748 2774 789 2838 ad
803 2775 945 2839 Alesiam
960 2775 1148 2859 perveniunt
1171 2778 1204 2840 et
1227 2776 1305 2842 colle

70 2971 185 3036 fabren,
211 2968 395 3037 ohnegleichcn
420 2968 466 3023 ist.
502 2969 592 3022 Selbst
614 2968 660 3022 der
682 2969 763 3038 Krieg
785 2982 875 3038 gagen·
891 2969 932 3022 die
951 2969 1072 3024 Cimbern
1095 2969 1149 3024 und
1171 2969 1304 3024 Teutones
1344 2961 1346 2965 ’

71 3051 143 3113 laist
161 3058 218 3111 sich
236 3057 310 3111 nicht
327 3057 377 3110 mit
395 3057 449 3110 ihm
468 3057 638 3126 vergleichen.

154 3161 181 3201 rs
196 3165 219 3201 r.
237 3161 275 3201 rs.
294 3147 478 3202 calamitatem
492 3147 596 3212 iafccrc
611 3146 708 3215 alicui]
723 3147 864 3216 „Ungllick
876 3148 942 3202 iiber
952 3147 1014 3216 jem.
1029 3146 1169 3216 bringen“.
1186 3177 1219 3186 -
1238 3163 1306 3216 qaae

71 3279 128 3304 ...,
147 3235 255 3304 amaad
281 3235 384 3289 bezieht
402 3235 458 3290 sich
476 3236 551 3290 nicht
569 3253 620 3290 nur
638 3237 685 3289 auf
700 3236 742 3290 die
761 3235 873 3303 Gallica,
897 3236 1009 3291 sondern
1027 3253 1055 3290 es
1074 3236 1138 3290 wird
1158 3236 1305 3307 iiberhaupt

68 3327 116 3380 <lie
136 3324 269 3378 neidische
282 3324 381 3378 Politik
395 3324 441 3378 der
454 3325 549 3378 Rbmcr
563 3324 646 3378 demit
659 3325 816 3379 bezeichnet.
849 3325 891 3378 Sis
910 3326 1012 3379 konnen
1028 3342 1056 3378 es
1069 3325 1144 3379 nicht
1153 3327 1304 3396 ,vertragem

67 3416 135 3470 dass
155 3417 231 3468 sonst
246 3413 352 3482 jemand
370 3414 399 3468 in
417 3415 463 3468 der
481 3413 553 3467 Welt
571 3413 720 3468 ruhmreieh
738 3414 792 3468 und
810 3413 1004 3482 kriegstlichtig
1026 3415 1071 3469 isi.
1097 3443 1131 3452 —
1153 3414 1225 3482 alla]
1250 3431 1305 3468 ver·

68 3504 155 3559 binde
173 3504 225 3556 mit
242 3503 319 3556 bella.
339 3533 372 3542 -
392 3504 452 3558 alia
531 3503 703 3570 cardiacae]
724 3503 780 3556 also
798 3503 863 3557 ancb
884 3520 916 3556 zu
934 3504 1036 3556 keinem
1049 3503 1147 3557 andern
1162 3504 1273 3558 Zwecke.

152 3605 193 3646 rs.
215 3592 248 3646 ia
267 3593 444 3662 provinciam
465 3592 591 3662 redacta]
614 3594 677 3647 kurz
700 3593 743 3646 fiir
764 3592 796 3646 ba
814 3590 932 3657 famam
947 3591 1108 3660 praetactae
1126 3592 1249 3648 redacta.
1264 3621 1303 3632 ·—

66 3682 218 3738 securibus
240 3681 375 3749 sabiacla]
401 3682 496 3749 Daris,
521 3682 579 3735 dass
598 3680 700 3736 Gallien
720 3681 770 3735 den
788 3681 879 3735 Beilen
901 3680 1043 3734 rbmischer
1065 3681 1191 3736 Bcamten
1215 3685 1304 3736 unter-

70 3773 142 3826 tlran
169 3787 237 3836 aar,
266 3771 349 3839 zeigte
376 3770 431 3824 sich
458 3771 614 3838 besonders,
642 3770 700 3824 dale
728 3787 756 3824 es
784 3770 855 3824 seina
881 3770 970 3837 eigans
997 3769 1159 3838 Verfassung
1185 3771 1303 3825 verioren

68 3862 165 3926 hette5
191 3859 273 3914 Caser
298 3859 393 3913 driickt
417 3859 464 3912 das
489 3859 589 3912 frcilich
613 3858 769 3913 bcschciden
793 3859 844 3912 mit
868 3863 1035 3912 commutare
1059 3875 1115 3913 aus.
1141 3887 1174 3897 -
1198 3858 1301 3927 paam]

66 3968 92 4006 s.
113 3949 184 4019 Kap.
203 3950 246 4012 ab,
266 3950 308 4003 11.

146 4037 225 4106 Kap.
247 4038 294 4095 78.
335 4050 344 4090 1
362 4055 385 4091 u.
402 4048 425 4092 a.
445 4036 635 4106 experiantur]
654 4036 717 4090 Wer
730 4035 800 4090 mule
814 4035 905 4090 hierzu
917 4035 1029 4104 Subjekt
1048 4035 1123 4090 sein?
1141 4071 1177 4081 -
1194 4036 1301 4091 deacea-

65 4129 138 4182 ἄιτα
157 4126 197 4180 ad
214 4125 274 4194 ald]
294 4127 371 4194 „sich
389 4144 420 4180 zu
439 4129 519 4180 etwas
538 4125 705 4180 verstehen“.
726 4153 759 4163 -·
778 4124 832 4194 ati]
851 4125 911 4180 Anl.
930 4125 962 4180 U.

149 4227 226 4269 s-o.
250 4216 300 4283 qui
324 4231 368 4270 aas
392 4214 495 4285 oppido
520 4213 692 4282 acceperam!
721 4214 855 4268 ubersetze
882 4213 1014 4268 entwedar
1038 4213 1125 4284 passiv
1149 4213 1212 4268 oder
1234 4213 1302 4268 nach

68 4306 135 4363 Aul.
150 4305 187 4370 U;
202 4303 321 4358 warum?
340 4333 373 4343 -
392 4304 517 4360 coraibus
528 4302 665 4373 precibus]
679 4301 746 4373 Kap.
759 4303 802 4370 26,
817 4304 843 4358 3.
859 4331 892 4342 ·-
911 4303 971 4358 cibo
985 4303 1084 4358 tavare
1097 4301 1164 4372 alm]
1183 4303 1313 4372 „jansen-¹

65 4395 133 4449 dam
152 4397 233 4448 etwas
252 4411 283 4447 zu
301 4410 377 4448 essen
394 4393 509 4462 geben“.

127 4481 183 4536 Iun.
198 4481 274 4537 Oine.
289 4483 367 4536 Bran.
383 4479 463 4536 Gara.
499 4481 549 4536 III.
1051 4481 1085 4533 21
