3172 4922
237 379 274 441 82
557 379 597 432 Ilo
615 379 683 432 bollo
701 376 802 432 Gallico
819 375 917 432 Comm.
935 375 970 442 11,
989 391 1010 429 c.
1028 373 1143 429 arr-35.

215 543 392 610 rreudidit.
437 542 486 605 Ab
509 541 564 618 iis,
589 540 644 621 qui
668 540 820 616 emerant,
843 537 985 620 capitum
1007 554 1160 601 numerus
1185 535 1224 599 ad
1248 553 1322 599 eum
1345 535 1467 599 relatus

241 652 291 715 est
312 649 439 714 milium
464 647 696 729 quinquaginta
719 645 827 708 trium.

187 759 232 822 84
329 758 471 820 flodoin
494 754 636 837 tempore
660 751 807 816 aPublio
824 748 948 826 Crasso,
971 767 1067 830 quem
1091 766 1164 812 cum
1186 748 1308 830 legione
1328 765 1394 812 una
1408 747 1469 810 mi-

242 864 328 928 serat
351 860 392 926 ad
415 860 570 937 VenetoS,
593 858 753 934 Venellos,
777 855 927 932 Osismos,
951 854 1163 931 Coriosolitas,
1189 854 1332 930 Esubios,
1355 855 1470 918 Auler-

242 987 303 1045 cos,
326 967 481 1043 Redones,
506 984 588 1048 quac
604 967 681 1029 sunt
695 964 876 1028 maritimae
892 962 1037 1026 civitates
1054 959 1279 1042 Oceanumque
1296 961 1470 1042 attingunt,

243 1075 357 1140 certior
380 1073 484 1138 factus
510 1073 561 1137 est
583 1089 692 1137 omnes
716 1088 770 1151 eas
793 1069 938 1133 civitates
957 1068 991 1131 in
1006 1067 1197 1132 deditionem
1211 1057 1472 1150 potestatemque

242 1181 350 1266 populi
373 1179 511 1244 Romani
535 1195 603 1242 csse
626 1176 781 1241 redactas.

191 1291 233 1352 85
335 1288 401 1350 Bis
424 1288 541 1349 rebus
565 1283 663 1365 gestis
684 1283 770 1346 omni
786 1281 891 1346 Galba
905 1282 1019 1363 pacata
1034 1281 1128 1344 tanta
1141 1280 1237 1343 huius
1253 1279 1328 1344 belli
1343 1279 1383 1344 ad
1398 1281 1473 1344 bar·

247 1394 341 1457 beros
365 1391 469 1474 opinio
485 1391 608 1474 perlata
632 1391 690 1466 cst,
714 1389 762 1452 uti
786 1389 825 1452 ab
847 1387 886 1451 iis
906 1387 1097 1464 nationibus,
1120 1404 1201 1467 quac
1216 1387 1306 1450 trans
1321 1387 1474 1452 Rhenum

247 1499 430 1574 incolerent,
490 1497 660 1561 'tterentur
683 1495 782 1578 legati
805 1494 844 1558 ad
861 1493 1039 1571 Gaesarem,
1063 1493 1118 1575 qui
1141 1511 1174 1558 sc
1191 1494 1315 1559 obsides
1331 1485 1473 1574 daturas,

222 1606 404 1687 simperata
427 1602 568 1670 facturas
591 1603 824 1686 pollicerentur.
870 1600 957 1680 Quas
980 1601 1154 1682 legationes
1177 1599 1307 1678 Cacsar,
1332 1603 1416 1684 quod
1437 1604 1475 1666 in

247 1712 377 1776 Italiam
400 1710 630 1793 Illyricumque
653 1709 856 1793 properabat,
885 1708 965 1773 inita
993 1708 1135 1791 proxima
1158 1709 1280 1772 aestate
1304 1708 1345 1772 ad
1368 1727 1402 1776 se
1424 1729 1476 1776 ra-
1581 1705 1582 1796 l

223 1819 329 1882 averti
352 1817 455 1881 iussit.
500 1816 573 1898 Ipse
596 1817 629 1880 in
653 1815 823 1892 Carnutes,
845 1815 967 1892 Andes,
995 1815 1136 1880 Turonos
1160 1832 1305 1896 quaeque
1328 1815 1475 1882 civitates

247 1924 443 2008 propinquae
473 1923 523 1987 his
553 1923 631 1987 locis
662 1925 769 2000 erant,
803 1921 859 1987 ubi
887 1922 1009 1986 bellurn
1038 1922 1196 2003 gesserat,
1230 1921 1406 2003 legionibus
1438 1923 1476 1987 in

222 2030 455 2094 rhibernacula
479 2029 623 2094 deductis
646 2030 680 2093 in
701 2028 830 2093 Italiam
852 2027 1012 2111 profectus
1035 2030 1093 2092 ost
1140 2026 1188 2093 Ob
1211 2046 1329 2109 easque
1357 2046 1408 2092 res
1436 2048 1477 2098 ex

249 2136 366 2202 litteris
390 2135 536 2202 Caesaris
565 2135 689 2201 dierum
717 2135 897 2216 quindecim
925 2134 1114 2218 supplicatio
1142 2134 1269 2200 decreta
1298 2136 1360 2212 est,
1389 2136 1477 2217 quod

252 2245 325 2308 anto
349 2243 381 2306 id
405 2245 533 2326 tempus
556 2242 671 2308 accidit
692 2243 781 2306 nulli.

247 2437 331 2492 Bouto
349 2437 385 2490 im
403 2438 533 2506 ganzen“.
560 2465 592 2474 -
618 2437 654 2490 cb
678 2435 727 2503 iis,
753 2435 953 2505 peremerant]
982 2434 1042 2490 Anl.
1060 2434 1093 2490 h
1118 2464 1151 2474 -
1177 2435 1311 2504 capitum]
1336 2426 1408 2491 Uber
1426 2436 1478 2492 don

248 2527 387 2597 doppclten
406 2524 516 2580 Genetir
534 2525 577 2578 bei
594 2539 727 2578 numerus
745 2525 796 2592 rgl.
815 2524 836 2588 I,
855 2525 899 2592 29,
917 2526 944 2581 3.
963 2552 997 2562 -
1016 2523 1131 2592 referre]
1150 2525 1322 2592 „angebcn“.

788 2632 825 2712 ll.
845 2631 935 2713 Tell.

752 2749 869 2811 Καρ.
903 2749 974 2800 34.

321 2845 400 2913 Kap.
419 2845 466 2900 34.
503 2860 574 2914 quoe
593 2843 726 2914 cultores]
754 2843 900 2911 „Stantem
925 2844 1020 2898 welche
1028 2845 1052 2897 “.
1077 2872 1110 2882 -
1133 2845 1289 2900 maritimae
1313 2845 1393 2914 auat]
1419 2845 1479 2913 „sie

250 2937 336 3006 liegen
360 2952 402 2988 am
426 2934 543 2988 Maero“.
568 2963 601 2972 -
627 2933 770 3002 attimaro]
789 2933 829 3000 H,
849 2933 896 3000 15,
915 2934 941 2988 3.
967 2961 1000 2971 —
1025 2933 1058 2988 tn
1076 2933 1240 2989 deditionem
1261 2938 1480 3004 potestatemque

313 3023 448 3096 scalpere]
469 3065 484 3092 „
495 3041 541 3077 zur
558 3022 762 3092 Unterwerfung
780 3023 836 3077 und
852 3023 879 3076 in
899 3022 940 3078 die
959 3020 1063 3077 Gewalt
1143 3023 1284 3092 bringen“.

786 3131 949 3214 Scbluls.
989 3127 990 3131 '

750 3250 981 3312 Kap.aa

324 3344 403 3411 Καρ.
421 3344 468 3400 35.
510 3355 530 3397 ι.
556 3343 599 3399 bis
620 3343 700 3400 rebus
778 3345 894 3412 pacato]
918 3344 968 3398 Die
993 3347 1082 3398 ersten
1106 3343 1227 3398 Ablatire
1252 3343 1324 3412 (hnl.
1343 3343 1397 3410 K⁴l
1421 3344 1481 3398 sind

253 3434 304 3488 den
322 3435 430 3487 aweiton
448 3432 520 3500 (Ani.
534 3431 588 3497 K1)
605 3433 824 3501 untergeordnet3
846 3449 952 3503 pacare
970 3433 992 3501 I,
1012 3435 1038 3500 6,
1056 3434 1081 3488 2.
1102 3463 1136 3474 -
1155 3439 1239 3488 tanto
1257 3433 1355 3502 opinio
1367 3435 1482 3504 palato

254 3521 361 3590 estad]
381 3539 434 3590 „es
452 3521 609 3576 verbreitate
628 3521 685 3575 sich
702 3522 760 3576 eine
778 3539 807 3576 so
824 3522 908 3577 hoho
925 3522 1053 3590 bicinung
1070 3522 1113 3576 bei
1132 3523 1201 3577 ...“.
1226 3551 1260 3560 -
1285 3538 1356 3592 quoe
1436 3523 1482 3577 in·

255 3610 384 3679 moene]
402 3610 462 3664 Anl.
481 3609 513 3664 B.
532 3637 567 3648 -
585 3610 724 3678 imperato
742 3609 844 3680 facere]
862 3611 898 3678 Π,
917 3612 943 3678 3,
962 3612 987 3666 3.

329 3709 352 3753 2.
371 3699 447 3754 inita
465 3699 582 3767 catam]
600 3698 635 3767 Π,
654 3699 680 3766 2,
701 3700 724 3753 1.

329 3793 352 3841 s.
371 3788 404 3840 ln
422 3786 557 3843 Carnutes
581 3788 643 3856 eet]
667 3789 762 3856 gahtrt
788 3805 819 3842 zu
838 3787 971 3844 demun
999 3819 1032 3830 -
1056 3804 1178 3858 quaeque
1196 3789 1333 3857 calata]
1353 3813 1385 3834 =
1406 3795 1435 3844 et
1451 3790 1484 3845 iss

256 3891 302 3931 aas
320 3876 455 3945 deitates,
474 3894 553 3946 quoe.
573 3907 607 3916 -
626 3893 697 3948 quac
715 3876 810 3946 aare]
828 3876 889 3932 Aul.
908 3878 939 3932 B.
960 3907 994 3918 -
1013 3880 1086 3946 loca,
1111 3878 1161 3933 obi
1178 3878 1278 3933 bellam
1294 3879 1429 3950 yeaserm]
1447 3879 1484 3932 im

255 3963 408 4020 Doutsehen
425 3966 468 4020 ein
486 3965 584 4020 bloises
601 3965 769 4021 Substantia.

329 4066 353 4108 4.
373 4070 406 4108 ae
424 4054 525 4110 litteris
545 4053 684 4124 Caesaris]
699 4055 770 4122 „aul
780 4053 875 4109 Clsms
888 4054 1091 4123 (sehriltlinhen)
1103 4053 1212 4109 Bericht
1224 4055 1303 4110 hin“.
1322 4085 1358 4096 -
1376 4056 1486 4112 dim

256 4141 424 4212 qumdecim]
448 4144 582 4198 iibersetze
601 4144 684 4198 durch
705 4144 748 4198 ein
766 4143 904 4214 Adjelrtivl
924 4171 958 4183 -
977 4143 1033 4198 Vor
1049 4144 1123 4214 quod
1141 4144 1244 4199 schicbe
1265 4145 1307 4200 oin
1327 4144 1486 4201 Substantir

257 4231 312 4298 ein,
335 4232 446 4287 welches
469 4233 517 4287 das
534 4233 690 4288 Ehrenvclle
718 4233 804 4288 diosas
822 4233 992 4288 Besohlnsses
1011 4233 1151 4290 andautotl
1171 4263 1205 4274 ·-
1224 4240 1291 4289 cate
1308 4233 1341 4288 td
1366 4233 1486 4304 ternpus]

256 4320 294 4374 im
311 4321 463 4377 Doutsehen
481 4323 523 4376 ein
541 4321 639 4376 blosses
658 4322 771 4377 Advorb.
791 4353 825 4362 -
843 4321 928 4392 mlle]
946 4323 982 4390 H,
1003 4324 1028 4391 6,
1047 4323 1072 4378 8.
