3136 4928
450 389 490 442 De
508 389 576 442 bello
595 386 694 443 Gallico
713 387 810 442 Comm.
828 387 902 454 VHI,
921 405 943 442 c.
963 390 987 441 1.
1278 384 1330 444 317

103 551 242 628 fectum,
278 551 361 632 quod
390 569 454 614 non
483 550 598 614 horum
627 551 785 631 elegantia
820 549 1122 614 commentariorum
1156 551 1331 631 superetur,

106 659 162 740 qui
197 659 274 722 sunt
309 658 398 735 editi,
432 677 472 722 ne
504 656 636 721 scientia
671 658 835 720 tantarum
866 674 974 720 rerum
1004 655 1209 737 scriptoribus
1241 655 1356 731 desita

104 764 249 845 adeoque
272 764 448 846 probantur
471 763 613 828 omnium
635 763 759 841 iudicio,
782 765 820 826 ut
842 765 1019 845 praerepta,
1041 781 1105 826 non
1127 761 1271 844 praebita
1285 761 1332 824 fa-

42 925 45 930 .
103 871 211 935 cultas
236 871 441 954 scriptoribus
465 870 620 934 videatur.
659 869 757 935 Cuius
781 871 890 934 tamen
911 869 955 932 rei
980 869 1081 934 maior
1100 871 1211 932 nostra
1235 887 1357 950 quarns

104 978 303 1058 reliquorum
327 980 377 1042 est
400 977 583 1041 admiratio:
615 977 712 1041 ceteri
743 977 843 1046 enim,
874 994 970 1058 quam
999 976 1078 1040 bene
1107 977 1203 1056 atque
1227 993 1333 1038 emen·

104 1085 190 1161 date,
212 1103 272 1148 nos
296 1084 402 1162 etiam,
426 1103 523 1166 quam
545 1083 637 1149 facile
662 1085 758 1165 atque
775 1084 920 1148 celeriter
936 1101 988 1148 eos
1004 1082 1179 1165 perfecerit,
1204 1082 1332 1146 scimus.

100 1191 185 1254 Erat
209 1193 317 1255 autem
340 1192 374 1254 in
390 1190 525 1256 Caesare
549 1210 623 1255 cum
646 1190 782 1255 facultas
807 1193 904 1272 atque
929 1190 1086 1272 elegantia
1109 1208 1235 1253 summa
1255 1189 1356 1255 scri-r

104 1298 216 1373 bandi,
240 1300 310 1361 turn
334 1298 500 1362 verissima
523 1297 656 1362 seientia
680 1315 811 1362 suorum
834 1296 1037 1361 consiliorum
1067 1296 1331 1383 explicandorum.

104 1404 187 1468 Mihi
209 1423 249 1469 ne
273 1404 354 1468 illud
377 1405 506 1486 quidem
530 1404 653 1482 accidit,
676 1406 714 1468 ut
728 1404 940 1468 Alexandrino
964 1405 1061 1485 atque
1077 1403 1225 1468 Africano
1249 1402 1357 1471 bellos

99 1511 311 1591 interessem
342 1529 423 1592 quae
454 1512 538 1576 bella
569 1529 763 1593 quamquam
793 1530 830 1575 ex
858 1512 949 1593 parte
978 1509 1068 1574 nobis
1092 1509 1237 1575 Caesaris
1268 1528 1333 1574 ser-

100 1637 198 1682 mone
224 1619 300 1681 sunt
322 1619 413 1695 nota,
444 1621 553 1682 tamen
583 1619 677 1682 aliter
700 1618 847 1682 audimus
872 1635 924 1695 ea,
956 1635 1169 1699 quaererem
1191 1616 1332 1680 novitate

103 1727 164 1788 aut
188 1724 396 1789 admiratione
420 1744 477 1789 nos
502 1725 646 1808 capiunt,
676 1725 785 1802 aliter,
817 1743 897 1806 quae
927 1743 983 1806 pro
1014 1724 1195 1788 testimonio
1220 1743 1331 1787 sumus

99 1831 231 1896 dicturi.
278 1830 340 1896 Sed
364 1851 421 1914 ego
444 1832 604 1908 nimirum,
628 1831 705 1896 dum
729 1849 838 1896 omnes
855 1831 1066 1896 excusationis
1083 1849 1196 1895 causas
1213 1830 1357 1912 colligas

101 1957 144 2002 ne
162 1957 237 2003 cum
254 1937 389 2003 Caesare
406 1938 556 2015 conterar,
577 1940 637 2003 hoo
651 1923 758 2021 ipsum
774 1939 894 2002 crimen
909 1938 1109 2019 arrogantiae
1126 1927 1237 2015 subeo‚'
1249 1937 1333 2018 quod

103 2065 157 2109 me
173 2045 288 2110 iudicio
305 2046 494 2127 cuiusquam
511 2046 689 2110 existimem
701 2063 793 2128 posse
807 2064 880 2109 cum
893 2044 1028 2110 Caesare
1042 2045 1226 2127 comparari.
1242 2044 1332 2108 Vale.

198 2239 305 2306 (imni
325 2240 430 2306 Callia
454 2241 580 2306 devicta
596 2239 713 2306 Caesar
737 2260 810 2304 oum
834 2259 852 2304 a
876 2241 1037 2323 superiore
1061 2242 1185 2316 aestate
1207 2239 1362 2311 nulluml

103 2347 247 2411 bellandi
276 2351 418 2430 tempus
433 2348 659 2412 intermisisset
688 2348 869 2428 militesque
903 2349 1108 2412 hibernorum
1144 2347 1250 2428 quiete
1285 2365 1334 2410 re-

103 2445 200 2518 ficere
224 2473 244 2517 1
267 2455 367 2518 tantis
390 2455 551 2519 laboribus
575 2455 679 2532 111111,
702 2454 880 2536 complures
905 2453 1014 2519 eodem
1030 2456 1171 2536 tempore
1188 2453 1333 2518 civitates

180 2698 234 2739 11.
253 2699 275 2738 a.
295 2685 444 2753 1119111111]
464 2684 754 2752 ‚,Formvollendung“;
775 2701 832 2736 aum
851 2683 1032 2751 logisclren
1051 2681 1161 2750 Subjekt
1180 2680 1225 2734 des
1243 2680 1334 2734 Satzes

103 2774 198 2828 macho
217 2775 414 2828 commentarii.
435 2799 468 2811 —
490 2774 618 2842 probari]
637 2772 697 2827 Anl.
716 2772 748 2827 U.
770 2801 801 2810 ·-
820 2771 956 2840 facultas]
975 2771 1032 2824 hier
1051 2771 1113 2838 „die
1133 2769 1333 2838 Gelegenheit“‚

104 2863 223 2917 nachber
241 2862 304 2928 „die
322 2862 468 2930 Fohigkeir,
489 2861 702 2916 Gewandtlreit“.

180 2965 204 3005 o.
229 2958 328 3006 nostra
406 2951 586 3020 reliquorum]
613 2951 675 3016 „bei
698 2967 748 3004 uns
829 2950 870 3002 bei
894 2948 944 3002 den
968 2947 1097 3002 andem“.
1123 2976 1158 2986 —
1183 2946 1333 3016 emendate]

103 3040 162 3094 ruf
177 3039 304 3094 tadellcse
322 3040 506 3095 Schreibwcise
524 3041 582 3110 legt
599 3039 680 3094 Cisar
699 3040 783 3092 selbst
800 3039 905 3106 grossen
923 3037 1007 3090 Wert.

181 3143 203 3183 1.
228 3136 290 3184 erat
369 3129 608 3198 explicandorum]
628 3128 782 3197 Abgosehen
801 3129 892 3194 daron,
912 3127 969 3180 dass
988 3125 1069 3181 Cisar
1086 3125 1126 3178 als
1145 3123 1335 3178 Schriftsteller

99 3217 560 3273 11111111111111111111(1111111111
583 3218 638 3272 und
661 3217 896 3286 Formrollendung
918 3215 1018 3280 boscis,
1043 3231 1097 3267 war
1119 3230 1148 3267 er
1170 3213 1236 3266 auch
1259 3212 1334 3267 darin

102 3308 167 3360 dem
184 3307 291 3361 Hirtius
314 3309 466 3376 iiberlegen,
492 3307 550 3361 dass
574 3324 602 3360 11
626 3307 673 3360 das
698 3307 838 3374 richtigste
855 3304 1029 3358 Verstiindnis
1052 3304 1128 3358 hatte
1150 3303 1192 3356 fiir
1210 3302 1251 3356 die
1269 3302 1334 3356 Dar·

99 3396 205 3464 legung
224 3397 308 3449 seiner
326 3396 418 3464 oignon
436 3395 693 3464 Unternehmungon.

180 3496 205 3540 8.
224 3485 387 3554 admiratio]
405 3486 471 3539 wird
489 3486 528 3539 als
547 3485 677 3554 Wirlrung
695 3486 777 3538 einem
795 3485 881 3552 Dirige
900 3481 1099 3554 zugesprochen‚
1119 3481 1166 3535 das
1184 3480 1334 3534 1111111111-

104 3575 166 3628 bar
184 3573 229 3628 ist.
257 3604 290 3613 —
317 3574 400 3628 aliter
480 3573 573 3643 aliter]
598 3575 700 3628 konnen
719 3575 765 3628 wir
783 3572 951 3638 nachbilden‚
975 3577 1078 3625 miissen
1098 3587 1148 3624 uns
1166 3570 1228 3624 aber
1246 3570 1335 3623 hinter

100 3663 166 3716 siem
185 3663 294 3716 zwciten
312 3679 344 3717 11
362 3663 550 3717 hinzudcnlren.
576 3693 609 3701 -
629 3679 684 3730 pro
704 3662 858 3717 testimonio
877 3660 976 3730 dicere]
995 3660 1049 3714 Dor
1065 3659 1269 3728 geschichtliohe
1287 3659 1335 3712 Be·

105 3753 306 3806 richterstatter
324 3752 455 3806 erscheint
473 3751 527 3805 ihm
546 3752 593 3804 wie
611 3753 653 3805 ein
672 3751 765 3819 Zeuge,
785 3751 831 3804 dor
848 3751 913 3803 iiber
931 3752 1011 3802 etwas
1030 3765 1062 3801 au
1080 3747 1215 3800 beriehten
1232 3746 1289 3800 hat.

180 3853 204 3894 9.
228 3841 279 3895 boc
297 3842 387 3911 11111111
406 3840 518 3908 crimea]
547 3841 633 3908 „eben
659 3840 747 3893 diesen
765 3839 916 3894 Vorwuri“.
953 3837 989 3890 Es
1013 3837 1080 3904 liegt
1104 3836 1183 3890 sehon
1207 3836 1264 3890 eine
1282 3833 1335 3888 Arr-

99 3929 231 3998 rnalsung
255 3930 345 3996 darin,
372 3946 422 3983 nur
448 3947 479 3983 au
504 3928 619 3995 1111111111,
645 3928 703 3982 dass
727 3929 773 3982 ihn
795 3927 902 3997 jemand
925 3927 1009 3979 einum
1035 3924 1116 3980 Cisar
1141 3942 1174 3978 an
1199 3924 1240 3978 die
1265 3924 1335 3978 Seite

100 4019 202 4074 stellsn
221 4019 312 4074 werde.

451 4219 533 4280 Καρ.
554 4217 634 4268 1-6.
660 4241 694 4252 -
718 4216 800 4268 Jahn
817 4215 853 4266 51
871 4229 900 4266 v.
920 4213 992 4265 chr.

178 4321 257 4390 Kap.
283 4324 313 4378 1.
355 4333 376 4376 1.
401 4321 476 4376 111111
502 4321 597 4376 Gallia
623 4320 731 4374 11111111
821 4317 894 4385 cum]
921 4317 982 4372 Aul.
1007 4315 1062 4371 M⁶.
1090 4344 1124 4356 -
1152 4333 1170 4369 1
1194 4314 1336 4385 superiore

100 4410 222 4478 1111111]
245 4409 427 4465 Unmittelbar
444 4409 511 4464 nach
530 4409 588 4462 dem
606 4408 723 4462 Somnrer
741 4408 786 4461 des
805 4406 911 4476 vorigen
928 4406 1022 4460 Jahres
1041 4406 1086 4473 (53
1105 4423 1129 4460 1.
1148 4403 1220 4469 Chr.)
1239 4402 1336 4470 warja
