3172 4922
240 391 259 452 6
731 389 771 443 De
789 388 857 442 bello
876 385 975 442 Gallieo

242 552 348 617 omnia
377 550 517 635 perioula
547 548 712 614 subeunda
742 550 866 623 essent;
902 549 1001 638 trium
1031 566 1179 611 mensum
1210 548 1321 611 molita
1349 548 1468 612 ribaria

216 678 229 719 ι
245 659 304 723 sibi
321 676 480 740 quemque
496 657 588 721 domo
605 655 714 720 efferre
731 656 850 720 iubent.
895 654 1096 718 Persuadent
1112 654 1258 718 Raurieis
1275 655 1307 718 et
1322 655 1466 737 Tulingis

243 767 276 830 et
300 764 457 828 Latovieis
480 762 633 839 finitimis,
666 764 704 826 ut
727 761 840 826 eodem
862 761 913 824 usi
936 761 1066 825 oonsilio
1089 760 1212 842 oppidis
1236 760 1302 824 suis
1326 761 1467 842 visisque

244 870 364 936 exustis
396 889 461 933 una
486 888 558 934 oum
582 869 621 932 iis
644 867 900 950 profieisoantur,
923 867 1098 947 Boiosque,
1127 866 1182 946 qui
1205 868 1295 930 trans
1318 867 1469 932 Rhenum

243 967 441 1042 incoluerant
457 977 489 1040 et
504 975 537 1039 in
555 993 669 1057 agrurn
684 973 836 1038 Norioum
860 973 1054 1036 transierant
1070 971 1283 1053 Noreiamque
1307 991 1469 1055 oppugna—

243 1085 325 1161 rant,
348 1085 494 1165 reoeptos
518 1082 558 1146 ad
583 1100 616 1146 se
641 1081 741 1145 soeios
766 1081 826 1144 sibi
850 1080 1041 1144 adsoisount.

212 1193 233 1255 6
332 1190 434 1253 Erant
458 1188 585 1252 omnino
608 1187 723 1251 itinera
747 1187 818 1264 duo,
843 1187 957 1267 quibus
981 1186 1148 1250 itineribus
1173 1185 1265 1250 domo
1290 1185 1373 1250 exire
1396 1205 1470 1268 pos-

244 1298 332 1362 sent:
361 1313 463 1358 unum
491 1313 549 1377 per
573 1293 751 1374 Sequanos,
783 1294 957 1374 angustum
987 1294 1020 1356 et
1050 1291 1190 1368 difficile,
1220 1292 1303 1356 inter
1325 1294 1468 1356 montem

243 1404 354 1468 Iuram
382 1403 415 1465 et
444 1399 564 1464 fiumen
593 1398 800 1476 Rhodanum,
837 1399 888 1463 vix
918 1416 982 1479 qua
1012 1398 1130 1480 singuli
1158 1397 1239 1462 oarri
1269 1398 1470 1476 ducerentur,

244 1527 336 1574 mons
367 1509 476 1570 autern
499 1505 682 1570 altissimus
705 1503 922 1593 impendebat,
952 1506 990 1567 ut
1013 1503 1104 1568 iaoile
1132 1505 1283 1586 perpauci
1305 1504 1470 1586 prohibere

220 1614 391 1697 apossent;
427 1613 565 1676 alterum
595 1629 652 1694 per
681 1610 876 1693 provinciam
906 1609 1065 1687 nostram,
1100 1611 1202 1674 molto
1226 1609 1349 1674 leoffius
1374 1612 1471 1692 atque

246 1719 432 1804 expeditius
455 1719 622 1802 propterea
646 1717 731 1799 quod
753 1717 837 1781 inter
860 1716 940 1781 fines
962 1716 1184 1781 Helvetiorum
1208 1719 1242 1781 et
1256 1718 1471 1798 Allobrogum,

247 1827 302 1909 qui
325 1844 427 1908 nuper
442 1825 548 1908 paoati
572 1827 671 1901 erant,
694 1823 869 1887 Rhodanus
894 1823 974 1901 fluit,
997 1823 1089 1904 isque
1105 1823 1267 1887 nonnullis
1290 1824 1367 1888 loeis
1390 1823 1472 1888 vado

221 1932 412 1998 stransitur.
457 1932 645 1995 Extremum
669 1929 819 2013 oppidum
834 1930 1042 2011 Allobrogum
1065 1932 1116 1994 est
1138 1929 1380 2012 proximumque
1396 1930 1474 1994 Hel-

247 2039 404 2105 vetiorum
427 2037 543 2103 finibus
560 2036 699 2102 Genava.
733 2037 781 2100 Idx
797 2054 833 2101 eo
857 2035 970 2118 oppido
993 2055 1073 2118 pons
1090 2035 1130 2099 ad
1145 2035 1309 2100 Helvetios
1324 2037 1473 2119 pertinet.

246 2145 471 2227 Allobrogibus
503 2162 571 2208 sese
595 2144 646 2208 vel
668 2161 893 2226 persuasuros,
929 2142 1013 2223 quod
1035 2141 1177 2206 nondum
1207 2143 1287 2207 bono
1312 2141 1416 2207 animo
1439 2143 1474 2206 in

246 2253 400 2336 populum
422 2252 603 2317 Romanum
628 2249 820 2327 uiderentur,
844 2247 1081 2326 existimabant,
1104 2248 1155 2312 vel
1178 2248 1209 2312 vi
1232 2250 1412 2326 martures,
1434 2250 1474 2312 ut

221 2375 304 2442 sper
320 2376 394 2422 suos
416 2357 495 2421 fines
520 2375 572 2420 eos
595 2355 640 2420 ire
664 2356 859 2438 paterentur.
892 2353 1047 2419 Omnibus
1070 2356 1166 2420 rebus
1191 2355 1231 2419 ad
1246 2354 1475 2438 profectionem

247 2475 461 2486 ...-..-.---.

247 2533 430 2600 absehneiden,
449 2531 627 2597 benehmen“;
653 2547 741 2598 wegen
760 2530 806 2584 des
824 2528 968 2584 Satzbauos
986 2547 1008 2584 s.
1027 2529 1088 2584 Anl.
1107 2529 1135 2583 L.
1156 2559 1189 2568 -
1207 2536 1327 2599 paratus
1345 2531 1395 2599 ad]
1414 2548 1475 2585 vom

248 2619 325 2678 Geist
341 2623 438 2689 gesagt
455 2644 487 2663 =
508 2619 710 2688 „ontsehlossen
728 2619 781 2671 zu“
801 2620 862 2686 (mit
875 2618 1011 2684 Infinitiv).
1031 2646 1065 2655 —
1084 2619 1172 2674 mum
1189 2619 1321 2688 manum]
1339 2620 1414 2688 giobt
1432 2620 1475 2674 die

247 2710 306 2764 Zeit
324 2727 365 2776 an,
384 2709 425 2762 fiir
442 2708 539 2763 welche
558 2707 599 2761 die
617 2707 714 2762 molita
733 2707 842 2762 odaria
859 2707 998 2774 (‚‚Mehl“)
1016 2707 1167 2762 ausroiehen
1186 2707 1277 2761 sollen.

321 2811 345 2852 4.
364 2797 456 2855 eodem
473 2797 518 2852 uti
537 2797 663 2876 coasilio]
684 2796 762 2864 „siah
779 2796 864 2850 einom
877 2796 1075 2850 Unternehmen
1092 2795 1300 2863 ansohlielsen“;
1320 2813 1409 2866 wegen
1426 2797 1474 2850 dos

248 2887 390 2942 Satzbaues
409 2903 431 2941 s.
449 2884 510 2940 Aul.
529 2883 575 2940 ΙΝ.
595 2915 628 2924 —-
648 2885 761 2954 oppidis
840 2885 955 2953 murth]
975 2901 996 2938 s.
1014 2883 1075 2939 Anl.
1088 2882 1134 2938 L⁶.
1154 2915 1188 2923 —
1205 2885 1325 2954 recipere
1344 2887 1417 2954 alem
1435 2885 1476 2940 ud

247 2975 286 3044 aa]
307 2974 465 3044 „jemanden
478 2974 521 3028 bei
535 2973 591 3028 sieh
605 2973 794 3040 aulnehmen“;
814 2971 928 3026 Satzbau
947 2989 968 3027 s.
987 2972 1048 3027 Anl.
1068 2971 1100 3028 G.
1120 3003 1154 3013 —
1173 2974 1277 3029 sociem
1295 2979 1321 3030 te
1339 2973 1474 3042 adscisco]

249 3065 313 3133 „ioh
331 3065 453 3118 verbinds
471 3058 609 3118 mieh'mit
627 3063 697 3117 dir“.

320 3152 398 3220 Kap.
418 3151 448 3210 6.
489 3163 511 3206 1.
536 3151 659 3218 ormino]
687 3150 714 3218 1)
738 3149 873 3218 ganzlioh,
899 3150 1044 3218 durohaus3
1068 3151 1096 3216 2)
1119 3151 1281 3221 dbsrhaupt,
1306 3153 1343 3205 im
1366 3168 1475 3220 genuen,

248 3258 307 3295 nur.
327 3271 361 3279 —
380 3240 418 3294 Zu
436 3244 552 3294 moutam
571 3257 597 3294 u.
615 3239 717 3307 flumen
736 3239 787 3308 vgl.
807 3256 839 3293 zu
856 3239 958 3306 fiumen
975 3239 1042 3309 Kap.
1058 3239 1087 3306 ·1,
1106 3240 1131 3296 5.
1151 3269 1185 3279 —
1204 3241 1253 3294 oia
1270 3240 1337 3308 qua]
1357 3240 1415 3294 eine
1433 3241 1477 3294 bei

248 3327 329 3384 esser
355 3329 453 3382 seltene
478 3327 649 3395 Umstellung
665 3328 707 3380 fiir
725 3344 781 3396 qao
798 3328 861 3395 orium
886 3344 957 3396 guo,
977 3345 1015 3382 wo
1033 3345 1095 3382 man
1112 3328 1161 3383 ubi
1179 3331 1317 3396 erwartet,
1342 3329 1417 3383 steht
1433 3329 1478 3384 fiir

248 3433 306 3486 qao
328 3417 377 3471 oia
402 3416 463 3470 oder
488 3431 544 3484 quo
566 3420 657 3484 parte.
677 3443 711 3452 -
728 3415 842 3484 singuli]
863 3415 1085 3485 sutt‚,jee1n“
1109 3417 1147 3471 ist
1165 3417 1363 3471 unrohaulieher
1381 3418 1478 3486 „einer

248 3505 338 3559 hinter
356 3504 415 3558 dem
438 3503 585 3572 anderen“;
615 3503 708 3570 ,‚nur“
733 3503 817 3557 bleibt
840 3504 883 3557 bei
907 3504 1042 3574 niedrigen
1061 3505 1159 3560 Zahlen
1184 3507 1239 3560 und
1258 3503 1477 3562 Grdl'senbestim·

248 3609 363 3662 mongon
381 3593 418 3646 im
431 3592 489 3647 Lat.
509 3591 730 3661 unausgodriiokt.
749 3621 783 3631 —
800 3592 971 3662 ducerentur]
991 3593 1104 3662 „fabren
1117 3595 1263 3648 konnten“.
1284 3623 1317 3634 -
1336 3595 1478 3664 irmende-

249 3681 311 3749 bat]
330 3681 416 3750 „hing
434 3681 528 3749 iiber“,
547 3680 637 3734 freier:
657 3680 846 3749 „behorrsehte
864 3681 940 3736 ihn“.
961 3712 995 3722 -
1010 3683 1165 3752 probibere]
1185 3683 1309 3738 bannim
1327 3683 1384 3737 Lat.
1404 3683 1473 3738 ohne

249 3769 348 3839 Objekt
366 3770 471 3824 stehen:
493 3786 629 3840 „sperren
647 3770 797 3838 vorlegen“.

323 3869 345 3912 ι.
365 3858 517 3928 stapedibus]
536 3845 695 3926 (Gegansatz
710 3858 790 3925 vonl)
806 3859 893 3926 „ohne
908 3859 1059 3926 Hindernis,
1078 3860 1218 3930 bequsm“.
1237 3889 1272 3898 -
1290 3858 1391 3928 uapor]
1407 3877 1476 3926 „un-

248 3946 359 4015 langst“
378 3947 423 4013 (61
443 3964 465 4000 v.
485 3945 565 4011 Cha).
591 3975 625 3984 -
646 3947 764 4016 pacare]
789 3946 826 4000 ist
851 3947 893 4001 ein
916 3947 1039 4000 milderes
1056 3947 1135 4000 Wort
1157 3947 1200 4000 fur
1221 3947 1336 4018 irnperio
1353 3948 1476 4003 subicere

249 4034 381 4103 „Frieden
399 4035 509 4088 maohen
526 4034 607 4088 mit“.
627 4064 661 4072 —
679 4035 752 4090 eade
770 4035 920 4102 transitur]
940 4035 992 4103 vgl.
1011 4033 1071 4090 Aul.
1090 4035 1125 4090 N.
1240 4029 1245 4038 ’

322 4137 346 4178 s.
361 4124 497 4191 peremat]
517 4123 642 4191 „ffihrt“.
658 4153 691 4162 -
709 4123 916 4194 Allobrogibus]
935 4123 1120 4178 Konstruiere:
1139 4124 1347 4192 aestimabunt,
1364 4140 1419 4180 sese
1434 4127 1478 4180 ool

248 4227 429 4281 pasuasroror
447 4213 655 4282 Allobropibas,
679 4213 753 4281 quod
823 4252 832 4280 ,
856 4213 900 4267 oei
916 4213 944 4267 oi
962 4219 1104 4269 coacturos
1122 4213 1235 4280 (went),
1260 4219 1295 4269 ut
1308 4219 1476 4281 pareatur

249 4315 291 4356 eos
309 4300 352 4354 ire
365 4316 418 4369 par
435 4301 503 4368 bees
521 4317 600 4368 suos5
617 4302 669 4370 vgl.
688 4301 748 4355 Anl.
768 4299 818 4378 09.Ι
835 4327 869 4338 -
888 4301 958 4356 borao
976 4302 1081 4369 auimo]
1100 4304 1200 4356 ersetzt
1217 4301 1260 4355 ein
1278 4300 1411 4371 Adjehtiv.

322 4401 346 4444 ι.
374 4389 501 4445 munibus
531 4389 612 4444 rebus
644 4389 821 4458 comparatis]
854 4388 971 4444 Benutae
999 4390 1247 4459 „Verbereitungen
1279 4389 1411 4444 trelien“l
1442 4419 1477 4432 -
