3172 4922
250 297 285 357 12
736 300 776 352 De
793 299 862 352 bello
881 297 981 353 Gallieo

224 480 331 543 equae
347 461 490 525 nondum
506 459 625 524 flumen
641 460 822 524 transierat.
859 461 922 524 Eos
945 459 1114 541 impeditos
1140 461 1172 523 et
1193 458 1394 541 inopinantes
1419 477 1476 540 ag·

250 586 379 650 gressus
402 585 554 648 magnam
576 569 702 649 partem
726 585 835 631 eorum
860 565 1013 640 oonoidit3
1036 565 1151 647 reliqui
1175 583 1243 630 sese
1266 563 1361 646 fugae
1384 583 1478 628 man·

1569 559 1570 594 r

221 674 368 738 rdarunt
391 675 488 754 atque
510 673 544 736 in
566 673 724 755 proximas
749 673 845 737 silvas
870 671 1068 736 abdiderunt.
1113 669 1146 734 Is
1169 690 1270 754 pagus
1295 671 1478 754 appellaba-

1569 969 1570 1000 r

250 782 303 844 tur
332 779 520 861 ligurinus,
554 797 631 843 nam
666 779 768 842 omnis
803 778 914 842 eivitas
945 777 1093 842 Helvetia
1121 777 1155 840 in
1191 779 1342 858 quattuor
1376 796 1476 860 pagos

225 886 351 950 edivisa
374 887 431 949 est.
461 884 523 949 Hie
545 903 647 968 pagus
672 904 764 962 unus,
788 904 861 949 oum
885 885 977 948 domo
1002 883 1118 947 exisset
1139 885 1270 966 patrum
1292 885 1478 948 nostrorum
1569 881 1570 966 3

248 993 411 1069 memoria,
434 992 469 1054 L.
486 991 634 1056 Cassium
657 992 820 1056 oonsulem
843 989 1047 1054 interfoeerat
1070 991 1103 1053 et
1126 990 1193 1054 eius
1218 990 1392 1054 exereitum
1415 991 1476 1054 sub

222 1099 359 1179 siugum
383 1097 524 1161 miserat.
569 1096 620 1161 Ita
644 1097 709 1162 sive
733 1115 810 1162 essu
833 1097 898 1160 siro
923 1097 1052 1160 oonsilio
1076 1096 1208 1160 deorum
1235 1097 1475 1175 immortalium,
1569 1087 1570 1132 3

249 1223 329 1286 quae
353 1223 427 1286 pars
444 1203 581 1268 civitatis
596 1203 763 1268 Helvetiae
786 1203 944 1284 insignem
960 1202 1176 1267 calamitatem
1198 1203 1314 1285 populo
1329 1204 1476 1268 Romano

222 1311 418 1388 rintulerat,
453 1329 491 1374 ea
513 1311 659 1393 prinoeps
687 1328 806 1393 poenas
836 1309 997 1392 persolvit.
1044 1307 1115 1388 Qua
1142 1309 1176 1372 in
1205 1327 1239 1373 re
1264 1308 1381 1374 Caesar
1409 1329 1476 1374 non
1569 1355 1570 1360 κ

249 1418 352 1481 solum
380 1417 537 1499 publioes,
567 1415 622 1480 sed
647 1417 743 1480 otiam
766 1417 906 1499 privatas
929 1415 1062 1479 iniurias
1086 1415 1176 1478 ultus
1200 1417 1264 1493 est,
1297 1416 1381 1496 quod
1404 1417 1475 1481 eius

248 1524 349 1587 soeeri
363 1523 398 1585 L.
413 1522 537 1586 Pisonis
555 1540 658 1599 avum,
674 1523 709 1585 L.
724 1522 872 1586 Pisonem
888 1522 1041 1602 legatum,
1057 1521 1199 1602 Tigurini
1215 1521 1326 1586 eodem
1344 1523 1475 1605 proelio,
1569 1515 1570 1550 ³

249 1648 310 1711 quo
334 1628 489 1706 Cassium,
512 1628 747 1694 interfecerant.

194 1741 236 1802 18
335 1736 405 1800 Hoo
432 1735 550 1819 proelio
579 1736 663 1800 faeto
692 1736 832 1817 reliquas
863 1735 968 1818 eopias
996 1735 1218 1800 Helvetiorum
1255 1737 1294 1799 ut
1323 1735 1476 1817 oonsequi
1569 1743 1570 1782 ῑ

247 1845 363 1925 posset,
386 1843 515 1924 pontem
538 1843 571 1906 in
586 1845 685 1906 Arare
708 1841 891 1906 faciendum
914 1844 1006 1906 eurat
1029 1844 1125 1923 atque
1148 1842 1195 1906 ita
1218 1841 1393 1906 exereitum
1408 1843 1475 1905 tra·

222 1949 343 2012 ndueit.
388 1948 528 2013 Helvetii
550 1949 716 2031 repentino
747 1949 815 2012 eius
840 1947 980 2012 adventu
1011 1949 1175 2026 eommoti,
1205 1966 1279 2012 eum
1309 1947 1359 2024 id,
1390 1947 1475 2029 quod
1569 1959 1570 2040 j

247 2055 308 2138 ipsi
331 2054 442 2119 diebus
457 2055 518 2118 XX
534 2055 707 2136 aegerrime
732 2053 940 2132 commorant,
963 2055 1002 2119 ut
1023 2054 1142 2119 flumen
1167 2054 1358 2130 transirent,
1380 2054 1475 2118 illum
1569 2069 1570 2088 ³

247 2181 311 2225 uno
334 2161 384 2224 die
408 2161 521 2226 feoisse
543 2162 779 2243 intellegerent,
810 2161 933 2242 legatos
958 2160 997 2224 ad
1028 2179 1102 2225 eum
1124 2161 1278 2235 mittunt;
1314 2161 1405 2238 euius
1429 2161 1476 2225 le·
1569 2193 1570 2226 ss

247 2268 517 2349 gationis·Divieo
541 2269 687 2351 prineeps
710 2267 780 2344 fuit,
805 2268 860 2348 qui
883 2268 965 2332 bello
990 2266 1142 2332 Cassiano
1167 2266 1230 2330 dux
1252 2267 1476 2332 Helvetiorum

321 2545 343 2586 a.
358 2532 505 2600 impeditos
518 2537 545 2585 et
558 2532 748 2600 inopinantes]
759 2531 796 2584 Er
810 2532 865 2585 traf
877 2532 914 2585 sie
928 2531 1131 2598 unvorbereitet,
1144 2531 1202 2585 weil
1216 2531 1253 2584 sie
1263 2530 1331 2584 noeh
1341 2531 1477 2600 ahnungs-
1569 2509 1570 2522 ³

247 2623 287 2676 los
306 2639 399 2674 waren.
420 2651 453 2658 -
473 2620 627 2690 oppressas]
656 2637 676 2673 s.
702 2619 762 2701 Ant.
786 2619 815 2674 F.
844 2650 878 2658 -
903 2619 1035 2688 coneedit]
1060 2621 1115 2674 also
1140 2636 1190 2673 von
1212 2620 1335 2673 wolohtm
1357 2620 1477 2674 Verbum
1569 2673 1570 2700 ,

247 2709 379 2780 simplex?
399 2739 432 2748 -
451 2725 478 2762 se
496 2708 581 2778 sagae
604 2707 750 2776 mandere]
777 2708 854 2776 „siah
877 2726 924 2762 aur
945 2709 1042 2763 Flueht
1064 2708 1184 2776 wenden,
1211 2708 1414 2764 davonlaufen“.
1441 2740 1477 2748 -
1569 2759 1570 2766 ,

246 2815 301 2854 sese
318 2797 418 2852 obdere
437 2797 480 2864 ete]
500 2798 580 2864 „sloh
598 2798 784 2851 zurtiokaiehen
802 2799 900 2853 naeh“.

319 2900 332 2941 4
354 2906 376 2937 u.
399 2901 421 2940 s.
446 2886 552 2956 pupas]
572 2887 599 2950 1)
618 2885 706 2954 „Gau
724 2886 857 2954 Bezirlr“;
877 2888 904 2952 2)
930 2886 1085 2954 „Stemm“.
1112 2915 1145 2924 -
1168 2885 1254 2953 anas]
1280 2886 1414 2952 „allein“.
1440 2915 1476 2926 -

245 2975 388 3043 momoria]
407 2975 558 3029 bezeichnet
576 2976 640 3029 alles
655 2976 710 3043 das,
730 2975 822 3029 dessen
840 2992 901 3028 man
920 2975 975 3029 sich
994 2991 1041 3028 aus
1059 2975 1162 3042 eigener
1175 2974 1325 3042 Erfahrung
1342 2975 1475 3043 erinnert;

246 3066 305 3119 wir:
326 3066 389 3132 „die
408 3065 497 3119 aar&

319 3167 342 3208 o.
371 3170 439 3208 rasa
509 3153 634 3220 oonsilio]
654 3153 758 3220 „duroh
776 3153 862 3206 Zuiall
881 3194 887 3206 .
906 3195 911 3206 .
928 3194 934 3207 .
953 3153 1021 3205 nach
1044 3151 1229 3206 Ratsehluls“.
1255 3181 1289 3191 —
1300 3169 1381 3221 pars
1407 3153 1476 3210 ciui-

246 3243 313 3297 tatis
326 3242 483 3309 Heleete‘ae]
502 3243 575 3295 loson
592 3242 640 3295 wir
657 3259 707 3296 von
727 3259 796 3310 quae
815 3242 869 3295 und
888 3242 977 3295 aiehen
1002 3258 1030 3294 es
1053 3241 1082 3294 in
1110 3241 1160 3294 den
1183 3241 1341 3310 Hauptsatz.
1367 3271 1401 3280 —
1428 3243 1476 3296 irn-

246 3332 350 3400 ee'poem
377 3331 565 3386 ealooaitatem
592 3331 681 3386 altowi
714 3331 831 3398 inferre]
860 3330 942 3400 „jem
971 3331 1046 3384 sinen
1078 3329 1257 3384 bedeutenden
1285 3330 1395 3384 Verlust
1421 3332 1477 3385 bei·
1569 3389 1570 3394 χ

245 3419 388 3487 bringen“.
408 3449 442 3458 -
458 3419 600 3488 princeps]
619 3420 674 3474 Das
693 3419 817 3489 Adjelrtiv
835 3419 944 3473 vertritt
962 3419 1004 3472 ein
1027 3419 1167 3473 deutsches
1184 3418 1297 3472 Adverb.
1317 3448 1351 3456 -
1366 3434 1478 3488 poenas

242 3508 387 3578 persolvit]
406 3525 427 3562 s.
446 3507 507 3562 Anl.
526 3507 573 3563 N‘.

319 3610 342 3652 a.
363 3614 418 3666 eae
436 3597 469 3651 in
493 3596 534 3667 re]
558 3597 713 3665 „hierbei“.
738 3624 771 3635 -
794 3595 1143 3666 publicos...1rre'oatas
1166 3597 1301 3665 intratos]
1332 3596 1477 3664 „Unreoht

245 3703 329 3754 gegen
347 3687 396 3739 den
416 3686 493 3739 Staat
573 3703 657 3754 gagen
676 3686 745 3740 seine
763 3686 891 3741 Person“.
912 3715 945 3725 -
965 3686 1035 3754 eires]
1056 3705 1087 3734 τ..-
1110 3684 1243 3740 aaaron.

316 3774 395 3842 Kap.
415 3774 464 3830 13.
505 3787 527 3828 r.
545 3775 596 3829 hoe
613 3775 719 3842 proelio
737 3773 824 3842 facto]
841 3791 861 3828 s.
874 3773 935 3829 Anl.
949 3774 982 3828 K.
1002 3805 1035 3813 —
1055 3774 1178 3844 reliquos
1198 3774 1304 3843 copias]
1323 3773 1360 3827 ist
1374 3771 1476 3841 Objekt

245 3881 278 3917 au
296 3865 431 3932 consequi.
452 3893 486 3901 —-
501 3868 613 3932 pontem
630 3864 663 3917 ia
680 3864 793 3931 flamine
812 3861 897 3931 faeie]
917 3863 982 3930 „ioh
1001 3863 1107 3931 sohlage
1125 3864 1181 3917 eine
1193 3862 1295 3917 Brtielre
1313 3863 1378 3916 liber
1396 3861 1476 3916 einen

245 3951 351 4006 mures
372 3983 406 3990 -
425 3969 494 4008 earo
508 3958 621 4020 pentem
639 3951 813 4020 feriendum]
834 3952 898 4019 „ioh
915 3953 984 4006 lasse
1002 3953 1060 4006 eine
1076 3952 1179 4006 Briielre
1198 3951 1351 4020 sehlagen“.

319 4053 342 4096 a.
361 4041 519 4110 omnmotus]
539 4043 672 4110 „bewegt
691 4042 826 4108 botroffen,
845 4042 973 4109 bostiirzt,
991 4042 1183 4110 beunmhigt“.
1203 4069 1235 4078 -
1255 4039 1300 4109 td]
1318 4040 1357 4093 ist
1375 4037 1477 4109 Objelrt

246 4147 278 4183 zu
295 4129 397 4194 fecisse.
418 4159 453 4169 -
471 4130 630 4200 asperrime]
651 4130 722 4197 „orit
735 4130 850 4199 grtlster
863 4129 973 4185 Miihe“.
994 4158 1027 4169 -
1046 4137 1080 4185 at
1152 4127 1314 4197 transmeat]
1338 4129 1413 4197 giebt
1431 4146 1476 4197 an,

245 4218 325 4272 worin
340 4219 387 4272 das
402 4219 599 4287 obengenannte
613 4219 646 4274 id
659 4219 779 4285 besteht;
799 4222 869 4273 setae
889 4220 1047 4288 „ntmlioh“
1066 4220 1146 4274 deror
1160 4219 1216 4272 ein!
1237 4247 1271 4258 —
1290 4214 1380 4290 ouius]
1399 4219 1478 4273 iiber·

246 4309 316 4360 setae
334 4308 382 4360 wie
400 4308 471 4362 eius!
492 4334 526 4345 -·
541 4308 685 4377 princeps]
706 4333 738 4352 =
757 4308 861 4378 Haupt;
880 4309 993 4362 benutze
1012 4325 1068 4377 „an
1086 4309 1133 4362 der
1151 4307 1238 4377 Spitze
1258 4307 1391 4361 stohen“!
