3136 4928
243 385 302 447 824
742 387 782 444 De
800 389 868 443 bello
887 386 986 445 Gallico

248 550 368 636 pedum
390 550 509 616 denum
533 550 668 632 quinum
690 551 844 615 lateribus
868 549 1004 633 deprimi
1027 549 1180 625 derectis3
1210 553 1318 616 turres
1349 549 1483 615 excitari

250 658 376 723 crebras
399 657 433 721 in
456 655 660 721 altitudinem
683 657 782 721 trium
806 658 1040 734 tabulatorum,
1063 659 1214 741 pontibus
1237 657 1383 722 traiectis
1410 676 1485 721 cou-

250 764 424 846 stratisque
447 763 609 844 coniungi,
633 781 769 844 quorum
791 763 912 829 frontes
935 765 1074 828 viminea
1096 764 1229 830 loricula
1257 765 1485 828 munirentur:

220 873 287 935 aut
310 872 349 936 ab
372 869 518 934 hostibus
542 868 660 952 duplici
683 868 778 947 fossa,
801 868 920 953 duplici
941 872 1214 954 propugnatorum
1238 869 1348 937 ordine
1373 870 1486 935 defen-

249 977 416 1056 derentur,
441 993 577 1058 quorum
600 975 681 1039 alter
705 994 742 1040 ex
769 977 935 1058 pontibus,
960 995 1022 1058 quo
1053 976 1155 1042 tutior
1185 977 1356 1041 altitudine
1386 978 1486 1053 esset,

248 1085 308 1149 hoc
330 1083 483 1148 audacius
505 1081 694 1163 longiusque
710 1083 912 1164 permitteret
927 1083 1002 1159 tela,
1025 1082 1115 1160 alter,
1140 1083 1195 1164 qui
1210 1084 1339 1166 propior
1353 1084 1484 1148 hostem

247 1191 281 1254 in
303 1191 371 1273 ipso
393 1189 476 1254 vallo
500 1189 672 1253 collocatus
697 1191 790 1266 esset,
813 1191 908 1271 ponte
929 1190 968 1254 ab
988 1188 1202 1254 incidentibus
1218 1190 1292 1254 telis
1308 1191 1486 1271 tegeretur.

248 1295 354 1360 Portis
378 1295 461 1360 fores
485 1295 677 1375 altioresque
701 1296 807 1359 turres
830 1295 991 1378 imposuit.
1029 1295 1135 1360 Huius
1155 1296 1344 1360 munitionis
1366 1296 1486 1379 duplex

251 1405 320 1468 erat
344 1402 519 1467 consilium.

194 1511 239 1572 lb
338 1509 486 1590 Namque
511 1511 544 1572 et
566 1525 698 1589 operum
720 1507 976 1589 magnitudinem
995 1510 1027 1573 et
1047 1509 1195 1573 timorem
1215 1527 1313 1572 suum
1333 1509 1486 1592 sperabat

249 1615 401 1680 fiduciam
424 1614 568 1680 barbaris
592 1613 783 1692 allaturum,
807 1616 937 1680 etcum
966 1616 1155 1697 pabulatum
1181 1614 1484 1696 frumentatumque

250 1724 377 1805 longius
401 1724 486 1786 esset
508 1720 785 1804 proficiscendum,
815 1722 921 1803 parvis
945 1722 1042 1804 copiis
1066 1723 1172 1786 castra
1201 1722 1383 1786 munitione
1412 1723 1485 1804 ipsa

224 1829 379 1894 rudebat
409 1846 502 1912 posse
532 1826 667 1891 defendi.
711 1827 847 1892 Interim
876 1829 985 1893 crebro
1013 1828 1125 1911 paucis
1157 1829 1321 1910 utrimque
1354 1847 1483 1911 procur-

250 1935 394 2000 rentibus
417 1936 501 1999 inter
523 1934 598 1998 bina
622 1935 727 1998 castra
749 1935 865 2017 palude
889 1936 1057 2000 interiecta
1080 1934 1351 2010 contendebatur3
1385 1953 1482 2017 quam

250 2043 359 2106 tamen
388 2040 539 2123 paludem
569 2059 811 2122 nonnumquam
841 2044 899 2106 aut
929 2044 1039 2106 nostra
1070 2043 1185 2106 auxilia
1209 2041 1380 2106 Gallorum
1404 2042 1482 2107 Ger-

249 2165 481 2229 manorumque
505 2148 686 2212 transibant
709 2149 877 2230 acriusque
908 2149 1018 2213 hostes
1048 2149 1315 2230 insequebantur,
1348 2151 1407 2213 aut
1436 2149 1483 2212 vi-

251 2255 360 2319 cissim
394 2254 502 2318 hostes
542 2255 653 2319 eadem
688 2255 881 2336 transgressi
914 2257 1039 2319 nostros
1075 2255 1200 2337 longius
1236 2255 1481 2319 submovebant.

225 2359 422 2425 ancciaebat
445 2363 554 2425 autem
577 2360 745 2425 cotidianis
768 2362 1026 2443 pabulationibus
1058 2362 1102 2444 (id
1128 2361 1211 2442 quod
1235 2361 1380 2426 accidere
1411 2363 1482 2426 erat

249 2485 396 2545 necesse,
431 2486 504 2532 cum
533 2467 615 2531 raris
647 2467 851 2550 disiectisque
882 2487 919 2532 ex
948 2467 1098 2532 aedificiis
1129 2467 1285 2550 pabulum
1315 2469 1482 2548 conquire·

249 2575 367 2659 retur),
396 2578 434 2640 ut
463 2573 625 2658 impeditis
654 2574 731 2639 loeis
762 2575 896 2658 dispersi
926 2575 1130 2658 pabulatores
1154 2575 1482 2648 circumvenirentun

224 2699 333 2764 aquae
362 2700 429 2759 res,
459 2682 520 2746 etsi
548 2681 705 2746 mediocre
735 2681 964 2746 detrimentum
994 2681 1210 2746 iumentorum
1241 2699 1278 2745 ac
1315 2700 1481 2746 servorum

250 2896 346 2948 wartet
364 2893 466 2948 werden
486 2894 591 2947 konnte.
617 2922 651 2931 —-
678 2893 839 2962 deprimere]
867 2892 1109 2960 ‚,aussehachten“.
1136 2923 1169 2932 -
1190 2893 1327 2962 pontibus
1346 2893 1483 2960 traiectis]

250 2982 526 3050 Hindbergesohlagen
544 2981 647 3036 werden
665 2981 707 3035 die
727 2981 847 3035 Brdclren
864 2999 915 3036 von
930 2981 1010 3035 Turm
1024 2999 1055 3035 nu
1069 2981 1150 3036 Tarm
1168 2981 1221 3034 und
1240 2981 1312 3034 daun
1331 2981 1429 3049 belegt.
1449 3011 1482 3020 -

250 3071 369 3139 frontes]
387 3071 437 3124 Die
451 3070 609 3124 Stimseiten
624 3069 682 3124 sind
696 3070 763 3124 nach
778 3070 870 3124 anison
883 3071 1022 3139 geriehtet.
1037 3101 1072 3110 -
1091 3069 1224 3138 viminea]
1238 3070 1295 3123 also
1308 3069 1466 3138 gefloahten.

324 3173 347 3214 l.
362 3159 570 3230 propaprratcr]
588 3159 649 3225 VII,
667 3158 710 3226 25,
729 3159 754 3213 4.
779 3187 807 3196 -
832 3159 1056 3226 defenderentur]
1074 3158 1189 3213 nltmlieh
1206 3165 1310 3213 eastra.
1331 3187 1366 3198 -
1384 3159 1420 3213 ab
1439 3158 1484 3212 ia-

252 3248 410 3304 eideatibus
435 3247 508 3317 telio]
535 3246 624 3315 Gegen
649 3247 691 3300 die
710 3245 866 3316 Gesehosse‚
891 3248 987 3302 welche
1012 3265 1062 3302 ron
1087 3249 1153 3301 oben
1176 3248 1284 3314 lamen,
1308 3247 1417 3301 wurden
1442 3247 1485 3300 die

251 3341 335 3391 unten
363 3336 512 3390 Stehenden
540 3336 623 3389 durch
651 3336 692 3390 die
721 3337 861 3390 sonlrreeht
892 3337 956 3390 liber
982 3336 1063 3390 ilinon
1090 3335 1263 3390 befindliehen
1291 3336 1414 3390 Brdclrau
1441 3353 1484 3405 ge·

252 3425 338 3478 deckt.
367 3454 401 3463 —
428 3425 573 3494 imposuit]
602 3423 675 3495 paint
702 3425 778 3478 nicht
804 3425 879 3478 recht
906 3442 938 3479 zu
961 3423 1049 3492 sorem
1078 3426 1213 3480 dbersetze
1240 3425 1324 3478 daher
1349 3424 1433 3492 „licis
1456 3441 1486 3478 er
1550 3465 1551 3474 ,

252 3512 427 3581 subringen“.
1550 3513 1551 3534 ¹

323 3599 402 3670 liap.
429 3601 477 3658 ro.
524 3615 545 3656 1.
570 3608 598 3657 et
685 3602 830 3672 sperabat,
852 3607 881 3656 'et
959 3601 1082 3671 ridebat]
1108 3601 1166 3656 sind
1192 3601 1234 3655 die
1257 3602 1485 3672 entsprechenden

253 3690 422 3758 Satngliedar.
449 3719 483 3729 -
506 3690 640 3758 {idacium
659 3689 768 3758 afferre]
794 3690 843 3743 Die
862 3690 1013 3745 seheinbare
1031 3691 1120 3760 Angst
1137 3691 1183 3744 dar
1200 3690 1297 3743 Romer
1314 3691 1416 3745 mulste
1434 3691 1484 3745 den

254 3776 371 3835 Galliern
390 3779 618 3834 Selbstvertrauen
636 3779 777 3833 ainlibisen.

327 3881 350 3922 2.
365 3869 474 3937 pabode
491 3869 651 3936 interiecta]
670 3869 725 3922 also
743 3885 793 3922 von
812 3868 905 3922 beiden
923 3868 1011 3922 Seiten
1030 3868 1094 3922 liber
1111 3868 1162 3922 dan
1180 3866 1274 3938 Sumpf
1289 3867 1405 3922 hinliber
1421 3869 1484 3937 (vgl.
1549 3869 1550 3874 ’

253 3956 319 4028 Kap.
344 3959 373 4023 9,
397 3958 438 4024 2),
464 3957 514 4011 den
539 3957 576 4011 sie
601 3975 652 4011 nur
676 3957 800 4011 ruweilen
823 3957 1026 4011 liberschritten.
1055 3987 1089 3995 —
1117 3955 1223 4025 οᾱᾶιηι]
1251 3957 1399 4023 ,‚ebenda“
1424 3958 1486 4010 oder

255 4045 402 4115 „ebenlalls
421 4046 562 4100 dariiber“.

328 4147 350 4189 a.
374 4135 516 4204 impeditis
539 4133 616 4203 iocis]
639 4134 693 4188 aar
711 4135 752 4190 die
769 4135 866 4188 Rr'imer
884 4135 983 4188 schwer
1001 4134 1171 4204 zngttngliehe
1188 4134 1290 4188 Stellen
1307 4135 1418 4190 wurden
1435 4152 1483 4189 ron
1548 4199 1549 4208 ἵ

254 4224 305 4278 den
323 4220 442 4279 Galliern
460 4241 492 4278 zu
510 4223 699 4278 Hinterhalten
717 4224 835 4279 benutat.
854 4251 889 4264 ·-
904 4223 1096 4294 pabulatores]
1115 4223 1182 4277 Dais
1196 4223 1267 4276 diese
1281 4223 1482 4278 Mnnnschalisn

253 4329 313 4366 aum
331 4311 503 4366 Futterholen
522 4312 704 4380 ausgesehiclrt
723 4312 794 4381 sind,
816 4312 886 4366 mnis
904 4314 933 4367 in
951 4313 998 4367 der
1014 4302 1197 4379 Ubersetzrmg
1213 4311 1290 4366 nicht
1307 4314 1377 4367 noch
1396 4315 1484 4368 besan

251 4401 314 4455 ders
331 4404 426 4470 gesagt
444 4401 554 4456 werden.
