3136 4928
540 394 638 450 Gcmm.
657 394 728 463 VIII,
747 411 769 449 c.
788 395 903 450 30-34.
1282 392 1336 454 339

102 557 352 634 Uxellodunum,
369 555 454 637 quod
469 555 503 619 in
519 556 665 620 clientela
680 555 785 620 fuerat
801 556 877 633 eius,
894 557 1018 638 egregie
1030 557 1147 621 natura
1158 556 1220 620 loci
1231 556 1336 623 muni·

102 667 186 742 tum,
211 664 346 746 occupat
369 663 436 726 suis
460 664 493 728 et
512 662 683 746 Drappetis
705 662 801 745 copiis
823 663 1058 746 oppidanosque
1081 663 1141 728 sibi
1163 663 1334 745 coniungit.

196 769 267 850 Quo
291 788 365 835 cum
388 768 557 834 confestim
580 768 679 834 Gaius
703 768 855 835 Caninius
884 770 1024 834 venisset
1053 769 1388 838 animadverterem

102 897 167 961 que
192 895 302 942 omnes
326 876 434 959 oppidi
456 877 564 959 partes
587 875 856 959 praeruptissimis
881 876 964 940 saxis
988 895 1057 942 esse
1085 876 1240 953 munitas,
1271 895 1333 958 quc

101 984 295 1050 defendente
317 975 406 1047 nullo
428 985 538 1048 tamen
567 983 699 1046 armatis
730 983 899 1048 ascendere
930 986 1016 1048 esset
1045 982 1187 1060 difficile,
1216 1001 1333 1065 magna

101 1095 215 1157 autem
238 1090 466 1174 impedimenta
489 1088 717 1172 oppidanorum
732 1088 862 1166 videret,
887 1107 967 1171 quac
991 1090 1018 1154 si
1042 1089 1241 1154 clandestina
1256 1088 1333 1172 fuga

104 1198 294 1264 subtrahere
317 1198 522 1274 conarentur,
546 1195 685 1278 effugere
708 1215 773 1260 non
795 1196 888 1261 modo
911 1196 1107 1279 equitatum,
1138 1196 1195 1261 sed
1216 1215 1257 1260 ne
1287 1197 1333 1261 le·

98 1306 212 1388 giones
238 1303 364 1386 quidem
388 1305 534 1386 possent,
559 1303 717 1386 tripertito
741 1303 921 1368 cohortibus
946 1303 1053 1368 divisis
1077 1304 1162 1368 trina
1185 1304 1331 1368 excelsis·

98 1413 183 1477 simo
208 1411 277 1475 loco
301 1412 407 1475 castra
429 1409 521 1484 fecit;
545 1427 564 1473 a
588 1410 687 1490 quibu
726 1410 897 1492 paulatim,
916 1412 1074 1492 quantum
1097 1411 1204 1494 copiae
1226 1409 1328 1493 patie-
1343 1431 1359 1474 2-

99 1521 230 1594 bantur,
253 1518 374 1582 vallum
397 1517 430 1580 iu
454 1515 559 1599 oppidi
582 1517 645 1580 circ
680 1518 751 1580 tum
774 1516 888 1582 ducere
911 1517 1060 1582 instituit.

192 1623 286 1704 Quod
320 1643 393 1688 cum
428 1622 717 1688 animadverterent
752 1623 899 1706 oppidani
932 1624 1174 1706 miserrimaque
1204 1624 1385 1694 Alesiae-34

98 1733 258 1798 memoria
282 1729 410 1795 solliciti
430 1730 566 1795 similem
582 1748 692 1795 casum
708 1730 896 1794 obsessionis
912 1733 1106 1808 vererentur,
1128 1731 1329 1812 maximeque

95 1859 138 1906 ex
153 1838 303 1903 omnibus
318 1837 496 1914 Lucterius,
518 1837 571 1919 qui
586 1836 733 1901 fortunae
749 1837 836 1901 illius
851 1838 1030 1920 periculum
1044 1837 1171 1916 fecerat,
1186 1839 1330 1902 moneret

96 1945 257 2010 frumenti
279 1945 434 2008 rationem
458 1963 527 2009 esse
550 1925 745 2022 habendam,
775 1945 975 2010 constituunt
1003 1945 1145 2010 omnium
1174 1963 1329 2009 consensu

98 2055 193 2137 parte
224 2052 269 2116 ibi
297 2052 409 2116 relicta
436 2052 599 2134 copiarum
629 2051 689 2134 ipsi
722 2071 797 2117 cum
829 2052 981 2136 expeditis
1016 2052 1057 2116 ad
1090 2051 1330 2134 importandum

98 2161 300 2225 frumentum
322 2159 484 2242 proficisci.
529 2159 575 2222 Eo
599 2159 728 2224 consilio
751 2160 882 2242 probato
910 2159 1053 2242 proxima
1080 2160 1173 2224 nocte
1203 2158 1354 2224 duobusa

97 2268 230 2332 milibus
262 2267 458 2334 armatorum
488 2265 606 2330 relictis
636 2265 774 2347 reliquos
805 2285 842 2330 ex
873 2265 986 2348 oppido
1016 2265 1162 2348 Drappes
1193 2267 1226 2330 et
1247 2265 1329 2330 Luc

97 2374 201 2439 terius
232 2372 381 2436 educunt.
430 2371 473 2435 Hi
503 2390 632 2454 paucos
649 2371 716 2436 dies
739 2371 857 2436 morati
887 2390 925 2435 ex
953 2371 1069 2436 linibus
1099 2371 1353 2450 Cadurcoruma

96 2481 155 2563 qui
178 2479 296 2563 partim
319 2497 354 2543 re
377 2477 586 2543 frumentaria
609 2479 775 2543 sublevare
806 2497 858 2542 ecs
890 2478 1076 2561 cupiebant,
1105 2479 1224 2561 partim
1254 2498 1326 2562 pre-

97 2587 224 2663 hibere,
255 2603 317 2667 quo
346 2585 452 2649 minus
483 2587 661 2662 sumerent,
690 2603 753 2648 non
781 2586 945 2668 poterant,
974 2603 1129 2667 magnum
1151 2604 1324 2650 numerum

95 2693 254 2758 frumenti
277 2693 471 2775 comparant,
493 2710 738 2774 nonnumquam
761 2693 870 2756 autem
886 2691 1136 2775 expeditionibus
1159 2691 1323 2756 noctumie

95 2800 234 2866 castella
256 2800 438 2864 nostrorum
461 2799 658 2864 adoriuntur.
703 2797 809 2877 Quam
833 2799 871 2864 ob
895 2816 1026 2864 causam
1050 2797 1150 2864 Gaius
1175 2797 1350 2864 Caniniusr

98 2962 315 2974 ...φ-..-

171 3065 249 3134 Kap.
260 3064 312 3120 33.
336 3077 357 3118 ι.
371 3065 453 3132 euna]
468 3065 528 3118 sind
540 3063 736 3132 „Pelsbldcke“,
749 3080 833 3134 rwpee
845 3063 1005 3135 „Kiippen“.
1020 3095 1053 3104 -
1069 3063 1232 3131 defendente
1240 3064 1326 3132 nullo]

96 3154 161 3210 Aul.
175 3153 227 3209 11⁸.
247 3182 281 3193 -
300 3153 404 3223 auum]
423 3154 497 3208 lilhrt
514 3154 571 3208 hier
584 3155 659 3208 einen
673 3153 873 3208 entechiedeuen
888 3151 1035 3222 Gegensatz
1053 3153 1103 3207 ein.
1123 3181 1157 3192 —
1175 3151 1326 3222 oppidana]

98 3243 211 3298 umfafst
228 3243 285 3296 hier
303 3242 370 3296 auch
388 3243 430 3296 die
448 3243 474 3296 in
495 3243 541 3296 der
553 3242 633 3296 Stadt
650 3242 787 3310 liegenden
800 3241 923 3312 Truppeu
941 3242 999 3296 mit
1019 3271 1052 3282 -
1071 3257 1142 3312 quae
1159 3242 1184 3296 εί
1262 3241 1326 3296 ouo-

97 3333 211 3388 traicere
229 3331 409 3398 morarentur]
428 3331 469 3384 Da
487 3346 558 3400 quae
576 3347 626 3384 nur
640 3329 738 3398 Objekt
755 3348 787 3384 zu
805 3329 864 3384 dem
878 3331 1117 3399 untergeordneten
1130 3331 1245 3384 Verbum
1263 3331 1325 3386 aab·

97 3422 210 3476 trabem
228 3421 278 3486 ist,
297 3437 326 3474 sc
345 3421 447 3474 kdnnen
466 3420 513 3474 wir
531 3420 581 3474 den
600 3419 661 3474 Sata
679 3419 755 3475 nicht
773 3419 868 3474 relativ
886 3419 1072 3486 auschhefsen,
1092 3420 1203 3474 scudem
1221 3424 1326 3474 miissen

96 3510 145 3563 ihn
170 3509 218 3562 wie
242 3507 308 3580 Kap.
327 3509 407 3576 27,4
430 3509 458 3562 iu
482 3508 557 3562 einen
579 3507 717 3577 Folgesatn
740 3509 918 3563 verwandeln:
944 3526 994 3576 „so
1017 3508 1088 3575 dass,
1114 3525 1188 3568 wenu
1210 3509 1248 3563 sie
1271 3526 1323 3566 rer·

97 3597 242 3664 euchten“,
331 3625 364 3636 -
388 3613 445 3652 noa
467 3597 548 3653 modo
624 3597 672 3653 aed
695 3597 930 3667 nequidem]
955 3597 1053 3656 Hiuter
1075 3613 1133 3652 nou
1156 3598 1236 3654 occule
1261 3598 1325 3652 wird

96 3703 156 3742 aaa
173 3687 362 3755 weggelassen,
385 3703 459 3740 wenn
482 3686 529 3740 das
548 3686 639 3740 beiden
658 3685 781 3742 Gliederu
800 3687 972 3756 gemeinsaure
990 3687 1104 3742 Verbum
1122 3686 1212 3741 hiuter
1228 3703 1263 3742 ue

94 3774 209 3846 quidem
231 3775 312 3830 steht
513 3835 514 3838 Ἴ
898 3827 907 3854 ·

173 3876 197 3918 n.
215 3863 248 3918 a
261 3863 360 3933 oppidi
374 3864 533 3934 oracutum]
551 3864 587 3918 Es
601 3863 716 3918 werdae
730 3864 798 3922 Ziel
812 3864 858 3918 der
870 3863 980 3932 Aulege,
994 3863 1053 3918 dcis
1067 3864 1105 3918 sie
1118 3864 1237 3934 riugsum
1250 3865 1323 3935 ging.

170 3969 248 4038 Κίρ.
268 3969 320 4025 84.
361 3983 382 4024 1.
405 3971 550 4040 sollicitae]
574 3972 703 4040 „bescrgt
720 3971 872 4041 gemacht“.
898 3999 930 4014 -ψ
949 3971 1107 4042 percaeca
1124 3971 1238 4040 fecerat]
1262 3972 1325 4026 Wer

94 4059 174 4114 einen
192 4059 311 4113 Ver-such
335 4060 385 4114 mit
408 4063 489 4115 etwas
512 4061 634 4130 gemacht
657 4061 718 4129 hat,
743 4062 791 4115 hat
814 4078 841 4115 er
864 4077 912 4115 aus
935 4061 1039 4130 eigener
1056 4060 1206 4130 Erfehrnng
1222 4062 1324 4116 konnen

95 4149 210 4218 gelernt.
234 4177 270 4188 -
295 4165 356 4204 eum
374 4150 521 4219 expeditis]
545 4151 642 4204 Lasseu
661 4151 698 4204 sie
716 4151 783 4204 auch
802 4151 849 4205 das
868 4149 979 4204 schwere
998 4148 1104 4222 Geptlek
1125 4151 1153 4206 in
1171 4151 1218 4205 der
1235 4149 1322 4218 Stadt,

97 4253 127 4292 sc
146 4237 257 4291 nehmen
276 4238 314 4291 sie
332 4239 395 4292 aber
412 4239 478 4294 doeh
496 4239 628 4294 natdrlich
646 4239 688 4294 die
705 4240 842 4294 Pachtiere
859 4239 917 4294 mit

172 4338 195 4380 a.
219 4327 321 4395 moror]
347 4328 374 4394 1)
391 4327 434 4382 ich
452 4328 525 4382 holte
542 4329 613 4383 mich
630 4329 686 4398 auf,
711 4330 740 4395 2)
757 4330 808 4384 mit
825 4328 943 4383 Infinitiv
960 4329 1080 4397 (selten):
1099 4329 1142 4383 ich
1160 4329 1252 4383 nehme
1269 4329 1325 4383 Au·

93 4415 186 4482 stand,
205 4419 302 4484 eligere.

150 4505 207 4560 Iun.
223 4503 298 4560 Onne.
313 4505 390 4560 Banu.
406 4503 485 4561 omn.
522 4507 569 4561 111.
1074 4507 1109 4562 23
