3136 4928
546 373 643 430 Comm.
661 375 736 444 VIH,
755 393 776 430 e.
796 377 874 431 5-7.
1270 375 1323 438 321

93 534 315 616 finitimasque
338 535 389 598 his
413 535 560 600 civitates
585 535 663 600 duoe
688 536 802 602 Correo
825 537 993 604 Bellovaoo
1018 541 1051 604 et
1074 539 1216 605 Commio
1232 543 1325 606 Atre-

93 643 167 706 bute
192 642 351 706 exereitus
375 660 559 725 eomparare
583 645 680 724 atque
703 644 736 706 in
760 663 861 708 unum
884 645 989 710 loeum
1013 664 1140 728 eogere,
1171 650 1208 711 ut
1239 649 1324 713 omni

93 748 301 814 multitudine
323 748 357 812 in
379 748 460 814 fines
485 749 702 827 Suessionum,
727 751 782 832 qui
804 752 914 816 Remis
938 755 1030 818 erant
1053 754 1216 831 attributi,
1239 755 1323 820 faee-

93 858 165 920 rent
187 855 446 938 impressionem,
468 857 628 939 pertinere
659 859 768 922 autem
799 877 863 922 non
894 861 1022 924 tantum
1053 861 1093 924 ad
1123 861 1323 943 dignitatem,

94 963 149 1027 sed
165 963 273 1038 ¹etism
297 962 337 1026 ad
361 963 498 1027 salntem
523 982 615 1028 suam
638 963 794 1028 iudiearet
822 965 946 1029 nnllam
976 967 1192 1032 salamitatem
1222 969 1322 1033 sooios

93 1070 212 1153 optime
236 1069 275 1135 de
297 1070 459 1153 republica
480 1071 610 1135 meritos
635 1071 785 1153 eooipere,
809 1072 966 1154 legionem
989 1092 1026 1138 ex
1046 1074 1188 1138 hibernis
1213 1077 1348 1140 evooate

92 1195 205 1241 rursus
229 1176 440 1254 undecimam,
463 1177 588 1242 litteras
613 1179 722 1242 autem
746 1178 787 1242 ad
804 1177 921 1243 Gaium
936 1179 1072 1244 Fabium
1096 1181 1205 1259 mittit,
1229 1183 1322 1246 utin

91 1284 172 1348 fines
190 1283 397 1349 Suessionum
419 1285 559 1366 legiones
576 1284 665 1361 duas,
690 1303 770 1366 quas
792 1285 940 1362 babebat,
966 1286 1147 1365 adduceret,
1172 1289 1322 1353 alteram-

93 1409 156 1472 que
181 1409 218 1455 ex
241 1390 365 1455 duabus
389 1392 428 1455 ab
451 1391 486 1454 T.
509 1390 648 1456 Labieno
672 1393 813 1457 arcessit.
850 1394 912 1471 Ita,
937 1395 1095 1475 quantum
1117 1395 1346 1460 hibernorum

93 1498 314 1582 opportunitas
343 1497 481 1579 bellique
517 1498 599 1562 ratio
634 1500 834 1581 postulabat,
868 1502 1020 1583 perpetuo
1056 1520 1113 1565 suo
1148 1502 1254 1566 labore
1288 1503 1322 1567 in

92 1605 196 1669 vioem
218 1604 395 1686 legionibus
420 1604 655 1687 expeditionum
679 1625 759 1670 onus
783 1607 978 1689 iniungebat.

181 1709 247 1776 His
275 1709 390 1794 oopiis
421 1712 538 1776 eoaotis
569 1712 609 1776 ad
632 1713 817 1778 Bellouacos
845 1713 1054 1797 profioisoitur
1084 1715 1260 1797 castrisque
1288 1716 1351 1780 int

92 1836 203 1882 eorum
229 1817 345 1882 finibus
374 1818 486 1900 positis
518 1819 664 1900 equitum
693 1821 817 1884 turmas
846 1820 983 1884 dimittit
1011 1821 1045 1884 in
1075 1841 1184 1886 omnes
1213 1825 1320 1905 partes

92 1925 132 1988 ad
163 1925 287 2006 aliquos
317 1924 530 2006 exeipiendos‚
562 1944 599 1989 ex
629 1926 745 2007 quibus
775 1926 918 1991 hostium
948 1928 1079 1993 consilia
1109 1931 1321 2010 eognoseoret

90 2031 226 2112 Equites
250 2031 350 2096 offieio
372 2031 475 2096 iuneti
498 2033 684 2097 renuntiant
707 2051 825 2116 pausos
848 2035 882 2098 in
906 2034 1056 2100 aedificiis
1074 2053 1143 2100 esse
1166 2036 1346 2115 inventost

91 2123 188 2219 atque
213 2138 279 2215 hos,
301 2157 365 2202 non
382 2138 437 2220 qui
460 2157 610 2220 agrorum
626 2140 830 2205 eolendorum
846 2159 944 2206 eausa
966 2142 1196 2207 remansissent
1218 2143 1321 2227 (nam-

90 2264 152 2327 que
189 2263 259 2310 esse
294 2245 433 2327 undique
470 2245 640 2328 diligenter
674 2245 917 2331 demigratum),
953 2248 1008 2312 sed
1043 2249 1098 2330 qui
1136 2250 1320 2331 speculandi

90 2370 189 2416 eausa
213 2354 319 2416 essent
343 2353 477 2416 remissi.
523 2355 551 2416 A
576 2353 691 2434 quibus
715 2373 789 2418 oum
813 2356 983 2435 quaereret
1006 2353 1140 2432 Caesar,
1165 2373 1227 2436 quo
1251 2356 1344 2420 loooo

88 2459 265 2524 multitudo
289 2461 373 2523 esset
395 2460 638 2524 Bellovacorum
663 2460 785 2541 quodve
809 2464 895 2525 esset
918 2461 1086 2525 eonsilium
1117 2479 1243 2538 eorum,
1272 2463 1319 2524 in·

87 2567 255 2631 veniebat:
290 2566 475 2630 Bellovaeos
505 2585 631 2644 omnes,
656 2567 712 2648 qui
741 2585 831 2630 arma
852 2566 943 2666 'ferre
974 2568 1120 2650 possent,
1153 2567 1187 2630 in
1218 2583 1343 2632 unumr

87 2674 196 2738 looum
227 2673 426 2748 convenisse,
458 2673 599 2754 itemque
622 2673 811 2751 Ambianos,
834 2674 1002 2750 Auleroos,
1033 2673 1175 2751 Caletos,
1197 2673 1317 2738 Vellio-

88 2798 210 2856 easses,
240 2779 425 2854 Atrebates;
457 2779 564 2843 lorum
599 2780 713 2844 eastris
748 2781 908 2844 exoelsum
942 2781 976 2844 in
1011 2780 1091 2844 silva
1120 2780 1317 2844 oiroumdata

87 2887 205 2970 palude
231 2885 393 2968 delegisse,
416 2885 645 2968 impedimenta
669 2887 774 2951 omnia
790 2887 823 2950 in
839 2887 1006 2952 ulteriores
1024 2887 1119 2951 silvas
1137 2887 1317 2952 eontulisse.

88 2993 279 3076 Complures
303 3011 371 3057 esse
395 2993 553 3076 prinsipes
576 2994 651 3058 belli
675 2996 829 3072 auctores,
854 2994 908 3059 sed
925 2992 1164 3058 multitudinem
1179 2993 1317 3057 maxime

88 3099 206 3165 Correo
238 3099 471 3182 obtemperare,
507 3099 591 3180 quod
625 3103 654 3164 ei
689 3119 814 3164 summo
849 3119 918 3165 esse
954 3100 1024 3164 odio
1058 3119 1174 3164 nomen
1209 3099 1318 3182 populi

86 3205 226 3271 Romani
254 3206 495 3270 intellexissent.
546 3206 661 3270 Peneis
692 3210 766 3271 ente
797 3207 908 3272 diebus
941 3226 978 3272 ax
1007 3207 1057 3271 his
1087 3206 1201 3271 eastris
1224 3208 1341 3270 Atre-e

148 3419 254 3487 evoeat]
272 3419 310 3472 ist
328 3419 375 3473 das
394 3417 506 3489 Gerippe
524 3418 570 3472 des
589 3419 687 3474 Setzes.
712 3449 746 3458 -
773 3419 912 3488 attributi]
931 3419 989 3487 VH,
1009 3421 1033 3486 9,
1053 3420 1078 3474 6.
1103 3448 1136 3457 -
1162 3418 1315 3489 impressio]

86 3509 202 3562 breueht
220 3507 301 3563 Oisar
324 3508 399 3561 nieht
422 3508 464 3562 fiir
487 3507 637 3575 „Einfell“.
663 3537 697 3546 -
721 3509 845 3576 pertinet
868 3509 907 3562 ud
931 3508 1109 3578 dignitatem,
1133 3547 1175 3566 ...
1198 3508 1316 3563 salutem

85 3597 185 3666 meam]
205 3597 311 3665 „meins
329 3595 398 3650 Ehre
478 3597 562 3650 meino
580 3595 727 3650 Sioherheit
744 3597 865 3665 verlengt
883 3597 942 3652 es“.

159 3699 184 3740 4.
204 3686 412 3755 opportrmitas]
432 3685 495 3753 „die
511 3686 668 3754 (geeignete)
686 3685 786 3754 Lage“.
809 3715 844 3725 -
868 3686 931 3741 belli
949 3684 1036 3752 ratio]
1057 3685 1134 3752 „eine
1151 3685 1316 3754 vemiinltige

85 3775 314 3844 Kriegflihrung“.
326 3803 359 3813 -
370 3780 506 3845 perpetuo
520 3791 570 3830 suo
584 3774 685 3843 labore]
700 3774 737 3828 Er
750 3774 834 3829 selbst
847 3791 901 3828 war
914 3773 1097 3828 unaulhdrlioh
1110 3774 1139 3827 in
1152 3772 1314 3842 Tbitiglreit.

627 3917 663 3999 ΙΙ.
688 3917 776 4000 Tell.

574 4037 636 4088 Ka
666 4070 673 4086 .
701 4035 826 4088 7-23.

158 4128 237 4198 Καὶ).
258 4131 284 4186 7.
324 4140 347 4184 2.
374 4135 456 4198 atque
473 4129 532 4197 boe]
559 4051 754 4197 „undzwar‘fi
778 4157 812 4170 -
837 4127 995 4198 diligenter]
1014 4129 1078 4183 Wes
1096 4145 1157 4182 mnu
1175 4127 1314 4198 grindlielr

84 4220 183 4286 muoht,
202 4219 293 4273 meeht
309 4234 371 4272 man
389 4218 557 4287 vollstindig.

158 4321 183 4362 4.
203 4309 291 4362 locum
309 4307 409 4364 euobis
488 4306 625 4377 delegisse]
643 4307 700 4362 Ans
719 4307 815 4362 diesem
833 4307 1080 4378 pridikativen
1099 4307 1186 4362 locum
1204 4309 1313 4374 ergtnne

83 4398 122 4451 im
134 4397 289 4452 Deutsoben
303 4397 345 4452 ein
359 4396 502 4466 objelrtives
517 4399 612 4466 boum,
631 4397 679 4452 des
692 4397 743 4451 mit
756 4397 876 4452 eueelsrrs
889 4413 921 4450 zu
936 4395 1087 4464 ‚,Anhihe“
1103 4395 1276 4450 versehmilnt.
