3086 4920
261 351 316 412 212
752 353 792 406 De
809 353 877 406 bello
896 351 995 407 Gallico

237 515 390 579 eduntur.
446 513 567 578 Eadem
602 515 651 578 est
687 513 823 579 feminae
861 512 1021 594 murisque
1060 516 1192 588 natura,
1233 513 1345 577 eadem
1381 512 1467 576 senna

261 619 512 703 magnitudoque
536 639 698 685 cernuum.

207 731 249 791 27
351 726 432 791 Sunt
466 727 560 803 item,
590 745 671 808 quae
703 728 904 809 appellantur
932 726 1025 791 alces.
1075 726 1201 790 Harum
1231 727 1282 790 est
1312 727 1468 791 consimilis

261 832 362 916 capris
385 832 487 914 figura
510 835 542 898 et
565 834 703 898 varietas
726 835 872 916 pellium,
902 833 958 898 sed
985 832 1203 914 magnitudine
1233 833 1329 915 paulo
1359 835 1469 897 antece-

260 940 341 1004 dunt
368 939 564 1020 mutilaeque
596 943 671 1004 sunt
700 940 846 1004 cornibus
877 941 909 1004 et
938 957 1030 1003 crura
1059 940 1125 1003 sine
1155 938 1246 1002 nudis
1277 939 1468 1021 articulisque
1518 985 1519 990 ι

235 1047 393 1122 ahabent,
415 1064 518 1127 neque
543 1047 658 1127 quietis
682 1065 778 1117 causa
800 1046 1013 1129 procumbunt
1034 1063 1153 1127 neque,
1183 1045 1211 1108 si
1242 1064 1306 1127 quo
1337 1045 1469 1110 addictae

235 1171 336 1217 acasu
360 1152 576 1226 conciderunt,
605 1154 723 1235 erigere
753 1171 822 1218 sese
842 1155 910 1216 ‘aut
939 1153 1104 1217 sublevare
1134 1154 1276 1236 possunt.
1323 1151 1383 1216 His
1406 1155 1469 1215 sunt

260 1261 387 1324 arbores
409 1277 466 1342 prc
489 1259 660 1333 cubilibus;
684 1259 724 1324 ad
748 1278 801 1324 eas
825 1278 858 1324 se
882 1259 1043 1342 applicant
1066 1260 1162 1340 atque
1177 1258 1224 1321 ita
1238 1258 1374 1340 paulum
1390 1258 1468 1322 medo

233 1366 428 1430 areclinatae
453 1365 593 1446 quietem
617 1366 753 1449 capiunt.
786 1365 930 1444 Quarum
953 1384 990 1430 ex
1012 1365 1153 1447 vestigiis
1177 1383 1251 1429 eum
1271 1367 1322 1429 est
1342 1365 1470 1430 aniurad·
1520 1363 1521 1390 ³

259 1491 388 1536 versum
411 1491 429 1535 a
453 1473 671 1550 venatoribus,
695 1491 757 1554 quc
781 1491 815 1536 se
839 1474 976 1556 recipere
1000 1472 1196 1548 consuerint,
1220 1489 1331 1536 omncs
1356 1491 1391 1536 eo
1413 1473 1468 1536 locu

259 1582 316 1642 aut
339 1581 378 1642 ab
401 1579 560 1643 radicibus
583 1580 742 1643 subruunt
763 1581 819 1642 aut
835 1579 982 1644 accidunt
997 1580 1133 1654 etheree,
1156 1579 1285 1641 tanturn
1303 1580 1341 1642 ut
1356 1596 1469 1643 sumna

233 1687 377 1769 especies
409 1705 519 1750 earum
550 1685 704 1750 stantium
731 1687 938 1767 relinquatur.
982 1685 1055 1750 Huc
1085 1704 1158 1750 cum
1188 1703 1221 1748 se
1252 1685 1467 1750 consuetudine

257 1792 503 1871 reclinaverunt,
526 1793 667 1857 infirmas
692 1794 818 1857 arbores
847 1792 983 1876 pondere
1007 1791 1163 1874 adfligunt
1186 1793 1283 1872 atque
1307 1811 1372 1856 una
1393 1793 1467 1875 ipsae
1521 1839 1522 1848 ι

258 1898 434 1964 concidunt.

205 2006 247 2069 2⁸
345 2005 488 2069 Tertium
518 2012 567 2070 est
602 2024 701 2087 genus
737 2025 861 2082 eorum,
896 2005 952 2086 qui
984 2005 1034 2068 uri
1069 2006 1278 2088 appellantur.
1332 2005 1375 2068 Hi
1403 2001 1466 2068 su'nt

257 2112 474 2193 magnitudine
504 2113 599 2194 paulu
627 2112 710 2176 infra
741 2112 943 2195 elephantos,
973 2112 1076 2195 specie
1106 2113 1139 2176 et
1173 2112 1274 2176 colore
1311 2113 1344 2176 et
1377 2112 1464 2193 figura

232 2219 349 2280 rtauri.
394 2219 512 2300 Magna
534 2218 582 2283 vis
611 2237 720 2283 eorum
751 2220 800 2282 est
830 2220 862 2282 et
890 2235 1007 2298 magna
1029 2217 1195 2294 velocitas,
1224 2237 1330 2300 neque
1359 2217 1464 2282 homini

233 2339 359 2405 cneque
389 2324 489 2401 ferae,
522 2342 618 2406 quam
650 2325 894 2406 conspexerunt,
923 2325 1067 2406 parcunt.
1119 2323 1186 2388 Hcs
1216 2324 1358 2389 studiose
1380 2323 1463 2388 foveis
1522 2345 1523 2384 ι

257 2433 365 2513 captos
389 2429 590 2495 interficiunt.
636 2430 705 2494 Hoc
728 2449 761 2494 se
785 2431 891 2494 labore
916 2429 1032 2494 durent
1056 2429 1275 2494 adulescentes
1300 2433 1394 2513 atque
1415 2430 1464 2492 hcc

256 2555 370 2618 genere
395 2537 570 2602 venationis
594 2539 754 2613 exerrent,
778 2537 888 2618 etqui
915 2537 1067 2619 plurimos
1098 2555 1135 2601 er
1164 2537 1213 2600 his
1242 2537 1463 2610 interfecerunt,

329 2779 351 2821 3.
374 2767 493 2834 aalma]
517 2767 566 2820 Die
585 2765 733 2820 Gleichheit
750 2767 797 2820 der
815 2765 922 2820 Gestalt
944 2766 982 2819 ist
1003 2766 1144 2820 bescnders
1167 2766 1242 2820 darin
1265 2767 1393 2836 auiiillig,
1414 2763 1463 2818 deis

254 2856 296 2910 bei
315 2856 365 2910 den
382 2855 542 2909 Renntieren
560 2856 597 2908 im
612 2853 758 2923 Gegensatz
777 2873 809 2908 zu
827 2855 877 2908 den
891 2855 990 2909 andern
1003 2855 1176 2908 Hirscharten
1195 2855 1262 2908 auch
1276 2856 1325 2910 das
1338 2855 1462 2910 Weibeheu
1523 2879 1524 2888 ι

253 2945 296 2998 ein
316 2943 435 2999 Gewcihe
453 2945 508 2998 hat.
540 2944 640 2998 Hieran
659 2944 779 2998 schlielst
797 2944 853 2998 sich
871 2943 913 2998 die
931 2944 1050 3012 fulgenda
1065 2943 1231 3013 Bemerkung
1249 2946 1380 3000 natiirlieh
1396 2961 1433 2998 an.

326 3032 403 3101 Kap.
423 3033 472 3089 27.
510 3045 531 3087 1.
550 3049 620 3102 quae
634 3033 826 3101 appellantur]
845 3033 879 3087 Sc
893 3032 988 3086 driiclrt
1002 3033 1048 3086 der
1060 3033 1182 3087 Lateiw
1195 3033 1275 3087 maist
1289 3032 1460 3104 „sugeuauuff

254 3139 309 3176 aus.
329 3148 363 3158 ·-
383 3121 533 3177 emutatus
549 3120 654 3190 capric]
673 3121 758 3174 Kiirne
774 3122 820 3175 des
834 3121 986 3175 Ausdruclrs
1001 3122 1047 3174 wie
1060 3121 1102 3175 bei
1116 3123 1294 3191 apricaltwra
1308 3124 1372 3194 Kap.
1385 3123 1423 3188 22,
1435 3121 1460 3177 3:

253 3211 344 3265 macha
369 3211 485 3278 „diese“
511 3227 569 3264 zum
588 3209 712 3279 Subjekt!
738 3239 774 3248 -
799 3209 932 3278 uarietas]
957 3211 994 3264 iet
1012 3226 1062 3264 von
1080 3209 1126 3264 der
1143 3211 1275 3266 Buntheit
1292 3212 1339 3266 der
1356 3211 1419 3265 Felle
1435 3225 1460 3261 zu

254 3300 399 3354 verstehen.
426 3329 459 3339 -
486 3299 614 3366 articuli]
639 3298 681 3352 die
705 3299 837 3352 einzelnen
857 3297 974 3366 Glieder,
999 3299 1095 3353 welche
1119 3299 1202 3354 durch
1225 3301 1268 3354 die
1287 3299 1396 3356 Gelenke
1416 3313 1460 3350 rer-

253 3389 357 3443 bunden
376 3389 442 3443 sind.
493 3459 495 3465 ,

327 3489 379 3532 ιιι.
396 3490 418 3532 a.
437 3478 539 3546 quietis
552 3476 650 3547 causa]
670 3494 736 3544 „um
755 3495 786 3530 zu
804 3478 919 3532 ruhen“.
940 3507 973 3516 -—
992 3493 1077 3547 eaeque
1156 3479 1254 3547 acque]
1273 3479 1366 3534 litters:
1385 3473 1458 3544 „und

254 3566 338 3620 weder
417 3567 513 3622 ucch“.
533 3594 567 3604 ·-
586 3566 726 3635 addictae]
741 3567 773 3620 in
787 3566 834 3620 der
846 3564 1091 3635 Grundbadeutung
1110 3568 1322 3635 „niedcrwerfen
1342 3585 1371 3620 zu
1383 3564 1458 3619 Boden

253 3655 376 3710 werien“.
402 3684 436 3694 -
461 3657 563 3725 cripere
584 3672 639 3712 aeae
662 3661 714 3710 aut
730 3656 884 3723 sublevare]
910 3656 1069 3722 „aufstehen
1091 3656 1153 3710 oder
1177 3657 1245 3710 auch
1267 3674 1320 3710 nur
1343 3655 1394 3710 sich
1414 3651 1458 3706 aul·

253 3745 384 3798 richten“.
411 3773 444 3783 -
471 3746 569 3812 cuttu]
595 3745 690 3799 Diesen
715 3745 817 3800 Namen
842 3744 961 3799 verdiant
984 3746 1041 3799 eine
1063 3730 1248 3812 Schlafetdtte,
1274 3763 1314 3800 wo
1338 3745 1377 3799 die
1396 3742 1457 3795 Tiera

253 3832 363 3888 slehend
382 3832 428 3886 der
446 3833 521 3886 Ruhe
539 3835 679 3902 genielscn,
699 3834 773 3888 nicht
791 3835 873 3888 recht.

325 3935 349 3976 ι.
368 3921 494 3991 ccettpa'a]
515 3923 666 3991 ‚,F'a'lrrte“;
686 3923 776 3977 macho
791 3923 840 3978 den
855 3923 915 3977 Satn
930 3924 1016 3977 aktivl
1034 3953 1065 3962 -
1084 3923 1253 3992 demutat]
1267 3923 1328 3978 Anl.
1342 3921 1368 3977 C.
1381 3950 1409 3960 -
1425 3917 1455 3970 ab

251 4010 407 4078 radicibus]
433 4011 484 4079 vgl.
508 4012 542 4065 ab
565 4013 648 4067 haten
671 4013 717 4078 IV,
736 4014 779 4079 26,
798 4014 823 4067 3.
851 4043 884 4052 -
910 4029 1000 4068 omncs
1079 4011 1213 4066 cendunt
1236 4009 1355 4078 arborea]
1378 4006 1456 4062 Wahr·

252 4099 393 4154 scheinlich
412 4099 550 4153 schneiden
569 4101 606 4154 sie
625 4101 666 4154 die
685 4101 782 4154 Bdume
801 4101 851 4155 mit
868 4101 915 4154 der
932 4100 999 4169 Sdge
1017 4118 1058 4156 au.
1083 4129 1117 4140 -
1143 4089 1266 4169 tantum,
1284 4101 1326 4168 ut]
1351 4094 1454 4166 „serait

251 4189 339 4244 dats“.
358 4219 392 4227 -
410 4189 527 4256 summ]
546 4206 567 4243 s.
586 4190 617 4256 V,
638 4191 680 4257 17,
697 4189 723 4244 5.
744 4217 777 4228 —
796 4190 896 4259 species
913 4206 1009 4244 eurum
1026 4187 1173 4256 alentium]
1192 4188 1228 4243 Es
1247 4189 1316 4243 sieht
1333 4188 1383 4242 also
1398 4181 1455 4238 noch

251 4278 331 4348 villig
348 4295 404 4346 aus,
424 4277 463 4332 als
482 4278 514 4356 οι)
534 4278 572 4332 sie
590 4278 709 4332 stdnden.
769 4303 774 4322 ,-

322 4366 399 4437 Kap.
415 4367 464 4423 28.
506 4379 579 4422 1-3.
599 4383 699 4434 corum,
713 4366 773 4435 put]
788 4367 862 4420 Setae
875 4367 925 4420 den
937 4366 1027 4421 Nomi
1043 4397 1076 4406 -
1096 4365 1185 4436 tauri]
1201 4364 1318 4422 Genetiv.
1333 4391 1364 4402 -
1381 4373 1454 4428 nepae
