3172 4922
214 367 252 430 54
548 369 588 423 Do
606 369 674 423 bello
692 367 793 424 Gallice
811 367 907 424 Comm.
926 369 948 436 1,
967 385 989 423 o.
1009 369 1052 424 53.
1071 369 1114 424 54.

217 533 354 613 utraque
382 531 415 594 in
444 548 482 594 ea
509 529 586 613 fuga
612 531 791 613 perierunt;
822 529 903 594 dnae
930 529 1031 594 filiae:
1061 530 1177 594 harum
1204 531 1306 594 altera
1333 529 1443 606 occisa,

192 639 320 702 saltora
343 639 436 721 capta
460 639 517 702 est.
564 637 664 702 Gaius
687 637 835 702 Valerius
858 636 1028 715 Procillus,
1057 657 1130 702 curn
1158 655 1177 701 a
1200 637 1384 702 custodibus
1410 637 1444 700 in

217 743 292 827 fuga
323 745 415 808 trinis
439 744 559 809 catenis
583 743 708 808 vinctus
732 743 926 820 traheretur,
953 743 987 807 in
1013 744 1120 827 ipsum
1144 743 1313 808 Caesarem
1335 744 1443 808 hostes

191 852 365 933 requitatu
399 852 643 934 persequentem
675 850 795 914 incidit.
848 847 937 928 Quae
973 849 1102 932 quidem
1136 868 1187 914 ros
1217 849 1347 915 Caesari
1381 869 1444 914 non

216 957 372 1023 minorem
403 977 500 1040 qnam
529 958 599 1040 ipsa
629 957 761 1022 victoria
788 956 988 1039 voluptatem
1015 956 1139 1033 attrrlit,
1170 956 1254 1038 quod
1280 957 1445 1021 hominem

215 1065 478 1130 honestissimum
504 1064 684 1147 provinciae
709 1063 848 1141 Galliae,
879 1082 974 1128 suum
1001 1062 1192 1128 familiarem
1220 1064 1254 1127 et
1276 1061 1444 1144 hospitem,

216 1174 364 1255 ereptum
393 1191 409 1236 e
436 1171 585 1236 manibus
613 1171 755 1235 hostium
783 1170 843 1234 sibi
866 1170 1053 1234 restitutum
1077 1168 1218 1247 videbat,
1248 1187 1352 1250 neque
1376 1169 1444 1232 eius

215 1279 398 1344 calamitate
430 1278 468 1343 de
498 1278 591 1342 tanta
621 1278 786 1360 voluptate
815 1278 848 1340 et
875 1277 1088 1358 gratulatione
1117 1275 1289 1357 quicquam
1315 1274 1444 1340 fortuna

190 1384 424 1450 ademinuerat.
458 1384 492 1448 Is
516 1402 549 1448 se
572 1386 740 1466 praesente
764 1383 802 1448 de
827 1401 860 1448 se
883 1385 934 1448 ter
957 1383 1095 1448 sortibus
1112 1383 1293 1448 consultum
1309 1381 1444 1460 dicebat,

215 1491 327 1554 utrum
356 1490 423 1572 igni
452 1490 564 1554 statim
590 1492 772 1568 necaretur,
803 1508 844 1554 an
872 1489 906 1553 in
936 1489 1022 1554 aliud
1051 1491 1179 1573 tempus
1208 1490 1443 1553 reservaretur:

189 1597 351 1660 esorhum
368 1596 518 1662 beneficio
542 1615 575 1661 ae
595 1615 664 1661 esse
680 1597 881 1661 incolumem.
918 1596 1003 1662 Item
1017 1597 1146 1661 Marcus
1162 1595 1281 1660 Metius
1296 1597 1444 1678 repertus

216 1705 249 1767 et
274 1703 313 1767 ad
337 1722 411 1768 cunr
432 1703 585 1768 reductus
609 1704 667 1767 est
739 1775 744 1783 ,

160 1811 205 1874 54
305 1810 374 1875 Hoc
396 1810 514 1893 proelio
533 1812 622 1874 hans
638 1809 787 1874 Rhenum
801 1810 949 1874 nuntiato
966 1808 1071 1886 Suebi,
1095 1809 1151 1890 qui
1174 1809 1215 1872 ad
1237 1809 1323 1892 ripas
1340 1808 1445 1873 Rheni

216 1918 379 1994 venerant,
401 1916 534 1981 domum
556 1917 673 1981 roverti
695 1917 883 1999 coeperunt3
908 1935 987 1999 quos
1010 1915 1100 1994 Ubii,
1124 1917 1180 1997 qni
1202 1916 1336 1998 proximi
1358 1915 1444 1980 Rhe-

214 2042 296 2086 num
319 2022 471 2102 incolunt,
493 2023 678 2106 perterritos
703 2023 888 2088 senserunt:
916 2023 1052 2087 insecuti
1073 2041 1228 2105 magnum
1251 2041 1288 2086 er
1310 2022 1361 2086 his
1384 2042 1444 2086 nn·

191 2145 342 2194 amarum
358 2129 548 2194 oeciderunt
586 2128 705 2196 Caesar
727 2148 792 2194 una
808 2129 931 2194 aestate
947 2128 1070 2194 duobus
1085 2129 1232 2193 maximis
1255 2128 1346 2193 bohis
1371 2145 1445 2193 con·

215 2234 307 2300 fectis
330 2237 488 2301 maturius
516 2237 624 2319 paulo,
656 2254 754 2318 quam
776 2237 904 2318 tempus
928 2235 1004 2300 anni
1026 2235 1223 2318 postulabat,
1249 2235 1283 2298 in
1310 2235 1445 2300 hiberna

214 2341 248 2404 in
281 2341 445 2423 Sequanos
475 2343 649 2408 exereitum
679 2342 827 2419 deduxit3
862 2341 1003 2407 hibernis
1032 2341 1210 2406 Labienum
1241 2341 1443 2424 praeposuit;

190 2448 282 2531 aipse
306 2449 340 2513 in
364 2448 542 2514 citeriorem
566 2448 706 2515 Galliam
729 2449 770 2512 ad
793 2449 967 2514 conventus
991 2447 1130 2530 agendos
1153 2447 1315 2532 profectus
1339 2449 1398 2512 est.

213 2623 280 2678 wird
298 2624 349 2677 mit
367 2624 421 2678 und
435 2624 501 2678 ohne
515 2624 610 2678 Zusatz
624 2641 675 2678 von
687 2640 802 2679 umorem
815 2625 878 2679 oder
890 2625 923 2679 e'n
936 2624 1145 2680 matrimonium
1158 2640 1216 2678 vom
1230 2624 1326 2678 Manna
1338 2627 1442 2692 gesagt,

213 2712 262 2767 wie
280 2713 382 2768 nubem
400 2713 487 2768 alicam
505 2729 555 2766 von
573 2713 620 2767 der
636 2712 715 2767 Fran.
734 2743 769 2751 -
787 2714 861 2768 duae
877 2713 964 2782 filiae]
983 2713 1096 2767 ntmlich
1114 2712 1254 2768 Ariovisti
1271 2712 1397 2779 fuerumt.

289 2815 312 2857 a.
331 2819 394 2858 cum
475 2802 643 2870 traheretur]
669 2802 838 2869 „welcher
855 2802 1060 2873 mitgesohleppt
1077 2801 1200 2869 wurde“;
1220 2818 1241 2856 s.
1260 2800 1321 2857 hnl.
1340 2800 1389 2856 V‘.
1408 2830 1443 2840 -

213 2890 338 2946 madae
355 2891 388 2944 e'n
405 2890 489 2962 alam]
509 2891 577 2958 „aut
589 2890 651 2959 jem.
671 2891 801 2945 stossen“.

288 2992 311 3034 a.
331 2995 402 3050 quae
419 2979 530 3050 quidem
546 2979 600 3048 rea]
625 3004 660 3024 =
680 2981 754 3047 „und
772 2979 858 3047 dies“,
877 2980 940 3034 aber
957 2979 1008 3034 mit
1026 2979 1141 3034 scharler
1158 2978 1313 3047 Betonung,
1337 2995 1383 3032 um
1401 2978 1444 3032 dic

212 3067 292 3122 Kraft
310 3068 356 3122 des
375 3069 484 3137 quidem
501 3086 534 3122 zu
551 3071 677 3123 ersetzen,
704 3097 738 3107 -
762 3069 933 3138 volumtatem
956 3067 1068 3136 afferre]
1095 3066 1217 3136 „Frende
1240 3067 1388 3121 bereiten“.
1408 3095 1443 3106 -

213 3155 292 3212 nome
305 3157 523 3225 honestissimae]
538 3158 630 3225 „einer
645 3158 691 3211 der
704 3156 912 3226 angesehensten
924 3157 1066 3210 Minner‘R
1081 3185 1112 3195 -
1129 3155 1247 3224 eripere]
1261 3155 1397 3223 „retten“.
1408 3185 1443 3194 -

212 3244 367 3312 reatituere]
386 3245 444 3299 hier
461 3269 496 3290 =
513 3245 635 3300 reddere.
659 3273 693 3285 -
717 3245 875 3313 calamitae]
901 3244 1118 3314 ,‚h1ilsgeschick,
1136 3244 1258 3298 Unfall“.
1284 3273 1319 3282 -
1342 3249 1443 3314 pratu·

171 3348 174 3353 ·
214 3332 296 3400 latio]
315 3332 384 3387 hier:
403 3332 616 3402 „Siegesjubel“.
641 3363 674 3373 —
700 3333 857 3404 quiequam]
876 3334 914 3388 iet
931 3333 1006 3388 nicht
1023 3333 1100 3388 Nom.
1127 3363 1161 3372 -
1185 3332 1343 3388 deminuere
1361 3331 1396 3388 ele
1412 3348 1444 3389 re

213 3420 298 3488 matt]
317 3462 334 3488 ,‚
340 3424 422 3476 etwas
439 3421 515 3478 nicht
530 3423 690 3491 vernngern,
707 3423 896 3490 rerlrlimmem,
915 3422 987 3476 einer
1000 3421 1081 3476 Sache
1093 3421 1187 3476 keinen
1200 3420 1329 3476 Ahbruch
1342 3419 1443 3475 thun“.

288 3521 312 3564 a.
337 3524 363 3563 ee
378 3509 537 3579 promente]
560 3509 628 3581 Kap.
647 3511 689 3578 18,
709 3513 734 3566 1.
763 3539 795 3549 -
823 3511 945 3566 sortitus
963 3510 1112 3578 cumulem]
1137 3510 1212 3564 wir:
1237 3509 1300 3578 „die
1317 3509 1383 3564 Insa
1400 3509 1445 3564 be

213 3596 326 3664 tragon“
352 3597 544 3667 (eigentlichi).
573 3629 607 3638 -
634 3601 696 3671 ipat
795 3600 954 3668 necaretur]
979 3599 1047 3653 nach
1064 3597 1124 3653 Anl.
1144 3597 1189 3652 Ν3
1206 3597 1291 3665 („den
1312 3597 1444 3653 Feuertod

214 3685 362 3751 sterben“).
382 3716 416 3725 —
435 3687 562 3756 beneficae
581 3689 641 3757 tuo]
661 3689 758 3757 „Dank
777 3689 848 3743 dir“.

286 3773 365 3844 Καρ.
378 3773 429 3830 54.
460 3787 482 3830 1.
496 3780 577 3832 nun
586 3777 723 3845 lenmn]
733 3777 828 3846 gehtrt
838 3795 869 3831 au
877 3777 1020 3832 nuntiato.
1029 3805 1066 3814 -
1078 3775 1236 3844 coeperunnt]
1245 3774 1312 3846 Kap.
1321 3775 1364 3842 15,
1374 3776 1400 3830 3.
1409 3805 1443 3815 -

213 3862 353 3933 Rhenum]
363 3865 433 3918 kann
441 3864 516 3918 nicht
525 3866 663 3935 abhingen
672 3883 721 3920 von
731 3866 907 3921 accolunt-
913 3862 1240 3934 parternitmnteeentic]
1250 3863 1314 3930 „ioh
1323 3863 1445 3920 hemerke

214 3951 289 4006 deine
303 3952 502 4022 Verwirrnng“.
517 3983 551 3992 —
570 3954 680 4024 inceptet
694 3954 778 4023 amm]
793 3953 872 4021 „sich
885 3953 932 4007 auf
940 3953 1002 4022 jem.
1017 3953 1119 4020 women,
1133 3953 1198 4007 iiber
1209 3952 1271 4021 jem.
1285 3952 1444 4008 hersellen“.

289 4051 311 4094 2.
335 4041 464 4096 maximia
482 4042 569 4111 hellis]
594 4059 712 4112 mapnue
730 4042 816 4096 libers.
835 4041 911 4095 nicht
928 4045 997 4096 stota
1014 4043 1066 4096 mit
1084 4041 1216 4110 „grole“l
1241 4070 1276 4080 -
1300 4041 1443 4111 conficere]

213 4126 280 4198 Kap.
296 4129 339 4195 30,
355 4130 370 4182 1
385 4146 411 4183 n.
423 4129 484 4184 Anl.
498 4129 527 4184 L.
546 4160 581 4170 -
599 4132 632 4184 a'n
649 4129 765 4185 heterna
784 4129 928 4198 dammae]
947 4129 1088 4184 Verwende
1108 4129 1252 4197 „heaiehen
1269 4129 1389 4185 lassen“.
1409 4159 1444 4170 -

209 4216 390 4287 praeportat]
408 4241 444 4262 ==
458 4217 611 4286 praefecit3
630 4219 682 4288 vgl.
700 4217 768 4289 Καρ.
788 4220 830 4286 10,
849 4219 875 4273 3.
895 4247 929 4258 -
948 4224 1095 4275 conventas
1113 4217 1205 4288 apere]
1225 4215 1444 4289 „Gemchtstaga

213 4303 354 4374 Kreiatage
371 4306 526 4361 abhalten“.
