3086 4920
250 422 305 485 246
741 424 781 478 Da
799 424 867 478 bello
887 421 986 478 Gallico

253 585 452 651 silvestribus
484 604 521 649 ac
551 585 682 648 remotis
709 585 786 648 locis
817 586 994 666 queruntur
1018 583 1056 648 de
1080 585 1214 649 Acconis
1238 587 1359 659 morte;
1392 604 1481 669 posse

228 694 338 758 chuno
362 711 472 757 casum
495 691 535 756 ad
555 691 640 775 ipsos
656 691 795 755 recidere
812 691 1046 765 demonstraut3
1069 692 1266 756 miserantur
1282 711 1482 756 communem

254 800 377 866 Galliae
393 799 569 872 fortunam
594 798 740 862 omnibus
758 797 1039 880 pollicitationibus
1064 816 1101 862 ac
1124 799 1276 881 praemiis
1300 799 1482 882 deposcunt

253 907 309 989 qui
331 906 407 970 belli
430 905 560 970 initium
583 903 703 968 faciunt
731 906 764 968 et
793 905 843 967 sui
865 904 977 987 capitis
1001 905 1141 986 periculo
1166 903 1306 970 Galliam
1334 906 1368 969 in
1392 907 1483 970 liber-

228 1015 355 1078 atatem
371 1012 540 1077 vindicent.
576 1011 737 1093 Imprimis
761 1010 917 1075 rationem
941 1029 1010 1075 esse
1032 1011 1214 1077 habandam
1237 1012 1357 1091 dicunt,
1381 1015 1482 1097 prius·

253 1139 352 1202 quam
375 1138 484 1184 eorum
509 1117 706 1183 clandestina
730 1118 860 1182 consilia
881 1116 1063 1194 efferantur,
1086 1121 1123 1182 ut
1140 1117 1258 1183 Caesar
1281 1121 1321 1183 ab
1345 1121 1483 1184 exercitu

227 1225 493 1291 rintercludetur.
538 1224 577 1288 Id
607 1242 675 1288 esse
707 1223 813 1301 facile,
844 1223 927 1306 quod
958 1243 1061 1304 neque
1091 1224 1231 1306 legiones
1262 1226 1406 1291 audeant
1434 1229 1484 1291 ab

253 1333 342 1396 sente
371 1333 562 1414 imperatore
591 1349 628 1394 er
655 1330 795 1394 hibernis
819 1329 940 1411 egredi,
969 1349 1072 1411 neque
1101 1331 1280 1414 imperator
1302 1333 1371 1397 siue
1396 1352 1484 1416 prae·

227 1438 332 1503 ssidio
363 1437 402 1502 ad
432 1438 572 1520 legiones
604 1437 768 1520 pervenire
798 1437 909 1519 possit.
961 1437 1127 1503 Postremo
1159 1438 1192 1502 in
1223 1438 1290 1502 acie
1320 1442 1483 1522 praestaro

252 1545 402 1622 interfici,
427 1563 524 1627 quam
546 1562 610 1607 non
633 1545 774 1608 veterem
797 1543 872 1607 belli
896 1544 1029 1625 gloriam
1052 1545 1313 1626 libertatemque,
1345 1564 1445 1627 quam
1467 1563 1483 1610 a

252 1652 425 1716 maioribus
450 1652 636 1735 acceperint,
659 1669 856 1733 recuperare.

221 1761 241 1823 2
341 1759 401 1822 His
424 1759 519 1823 rebus
543 1757 673 1839 agitatis
696 1757 886 1840 profitentur
909 1755 1067 1822 Carnutes
1096 1775 1129 1821 se
1156 1757 1284 1820 nullum
1307 1758 1484 1840 periculum

253 1865 430 1928 communis
455 1865 568 1928 salutis
593 1882 690 1929 causa
712 1857 861 1928 recusare
885 1863 1104 1946 principesque
1133 1882 1170 1927 en
1193 1864 1341 1928 omnibus
1364 1865 1484 1929 bellum

228 1969 394 2035 rfacturos
425 1971 614 2053 pollicentur
646 1970 692 2047 et,
725 1969 876 2052 quoniam
904 1969 939 2033 in
968 1969 1150 2052 praesentia
1180 1970 1344 2035 obsidibus
1375 1991 1482 2036 cavere

252 2078 337 2142 inter
367 2096 401 2142 se
431 2097 493 2142 non
525 2078 663 2160 possint,
697 2095 737 2140 ue
768 2095 819 2141 res
850 2075 1016 2154 efferatur,
1050 2078 1088 2141 ut
1118 2077 1324 2142 iureiurando
1356 2097 1395 2144 ao
1426 2079 1482 2142 fide

254 2185 432 2261 sauciatur,
466 2185 596 2267 petunt,
632 2183 754 2248 collatis
787 2183 979 2247 militaribus
1011 2183 1124 2264 signis,
1161 2202 1224 2266 quo
1254 2203 1344 2250 more
1376 2204 1483 2250 eorum

253 2291 441 2373 gravissima
465 2290 656 2356 caerimonia
679 2290 873 2367 continetur,
900 2308 940 2354 ne
969 2289 1053 2355 facto
1077 2290 1166 2355 initio
1189 2291 1264 2355 belli
1289 2292 1330 2356 ab
1353 2292 1481 2374 reliquis

229 2399 451 2462 adeserantur.
485 2398 568 2460 Tum
584 2396 772 2462 collaudatis
789 2395 983 2461 Carnutibus
1005 2396 1078 2462 dato
1098 2397 1302 2462 iureiurando
1324 2399 1364 2462 ab
1387 2400 1483 2464 omni·

252 2506 321 2581 bus,
344 2504 398 2586 qui
415 2504 556 2581 aderaut,
576 2505 718 2585 tempore
740 2503 807 2567 eius
823 2503 870 2567 rei
886 2503 1059 2568 constituto
1077 2505 1115 2568 ab
1132 2505 1261 2569 concilio
1280 2504 1462 2570 disceditur.

252 2664 434 2719 Latainischen
460 2662 562 2716 werden
587 2663 623 2715 im
641 2661 792 2715 Deutschan
817 2661 901 2715 durch
918 2661 1101 2731 Verwendung
1118 2666 1403 2732 zusammengesctnter
1421 2665 1480 2718 Sub

252 2753 370 2808 stautiva
387 2752 524 2820 besaitigt3
544 2768 572 2804 so
590 2751 647 2804 hier
665 2750 698 2804 dc
717 2751 791 2804 bello.

326 2854 419 2895 sus.
438 2840 634 2907 bonacosam]
660 2857 699 2893 wo
717 2839 765 2892 wir
782 2840 868 2895 huius
893 2855 986 2895 cusam
1011 2843 1152 2906 eruentem
1177 2841 1258 2894 worin
1284 2840 1332 2896 das
1359 2840 1482 2897 Gaschici

253 2931 374 2997 besteht‚
394 2929 441 2984 das
459 2930 526 2983 auch
545 2930 595 2982 sie
613 2928 707 2982 treffcn
725 2928 809 2994 kann,
834 2928 936 2996 argisbt
960 2929 1017 2982 sich
1042 2945 1089 2982 eus
1107 2929 1165 2982 dem
1183 2928 1432 2999 Vorhargehandem
1451 2959 1481 2974 «-

254 3019 408 3089 deposcere]
426 3019 454 3072 in
473 3018 519 3072 dar
532 3017 752 3087 Fechterspracha
771 3018 821 3084 „in
839 3017 881 3070 die
899 3015 1048 3070 Schranken
1066 3016 1208 3080 lordam“;
1234 3018 1282 3071 das
1301 3017 1403 3089 Objalrt
1420 3020 1481 3072 dazn

253 3109 358 3163 cuchen
376 3107 422 3160 der
440 3107 558 3175 lolgande
577 3105 732 3174 Fragesatz:
759 3122 832 3172 „wer
912 3105 1017 3159 uolle“.
1043 3133 1075 3144 -
1101 3106 1214 3174 cupitis]
1239 3107 1277 3160 ist
1295 3107 1339 3161 bei
1358 3109 1480 3176 periculo

252 3198 280 3252 in
299 3197 446 3251 dhnlichem
465 3195 544 3250 Sinna
561 3195 707 3264 gebraucht
725 3195 772 3248 wia
790 3195 817 3248 iu
836 3194 947 3248 welcher
964 3194 1113 3248 bekannten
1131 3194 1295 3264 Wandung?

326 3296 403 3341 6-8.
421 3285 557 3339 rationem
576 3298 629 3338 crae
648 3283 814 3349 babendum]
840 3282 951 3336 Woranf
965 3299 1026 3336 man
1044 3283 1158 3337 bedecht
1176 3285 1232 3337 sein
1251 3289 1353 3353 miisse,
1372 3285 1412 3339 ist
1429 3285 1481 3338 hier

253 3373 329 3428 nicht
355 3373 438 3428 durch
462 3374 537 3426 sinon
555 3371 666 3427 Genetiv
690 3373 853 3440 angegebsn,
879 3371 989 3425 sondem
1017 3371 1099 3425 durch
1123 3372 1239 3426 walchen
1257 3373 1431 3428 Nabensotz?
1450 3404 1480 3412 -

252 3461 437 3532 praesidium]
457 3461 664 3529 „Bedeckung“.
685 3489 718 3497 -
738 3477 821 3528 quam
899 3459 1066 3529 acceperint]
1084 3459 1145 3515 Anl.
1165 3461 1196 3514 B.
1535 3499 1536 3508 ,

326 3549 403 3618 Kap.
422 3549 451 3606 2.
492 3563 513 3604 1.
538 3549 656 3621 aptiore]
681 3549 831 3603 bezeichnet
856 3549 897 3602 dio
915 3549 1110 3618 Lebhaftiglreit
1132 3550 1179 3603 der
1196 3550 1429 3620 Verhendlungen.
1449 3580 1479 3588 -

255 3641 404 3695 commuuio
422 3639 509 3708 sclao]
534 3639 602 3706 „das
620 3639 737 3708 gemeino
755 3639 865 3692 Basta“.
891 3668 924 3676 -
949 3655 977 3692 ae
1057 3639 1195 3706 recusare]
1221 3638 1264 3693 Sia
1283 3640 1402 3696 arkliran
1430 3640 1480 3693 sich

254 3729 310 3782 also
328 3728 426 3795 bereit,
443 3728 516 3797 jeder
535 3727 631 3784 Gefahr
649 3727 705 3782 sich
724 3730 901 3782 auszusetzen.
927 3756 963 3766 -
982 3727 1114 3798 princepe
1136 3728 1234 3782 bellum
1259 3727 1336 3798 facit]
1362 3745 1414 3796 „er
1437 3729 1481 3782 hat

255 3818 306 3872 den
323 3817 406 3884 Krieg
423 3816 560 3870 ordffnet“.

328 3916 352 3959 2.
370 3921 405 3958 ae
423 3920 466 3959 rer
484 3904 624 3973 offmatwr]
644 3905 748 3958 annau
766 3904 817 3958 den
832 3902 933 3971 (hund,
952 3921 1050 3957 warum
1068 3920 1129 3965 man
1143 3902 1199 3957 sich
1211 3903 1281 3972 jetzt
1294 3905 1369 3959 nicht
1382 3905 1480 3958 Sichor·
1534 3921 1535 3944 ³

254 3994 311 4048 heit
328 3993 424 4047 leisten
437 3993 519 4059 kenn;
544 3999 577 4048 ut
594 3995 741 4048 emulatur
759 3993 809 4046 den
827 3993 918 4046 Inhalt
940 3993 1012 4047 ihrer
1029 3992 1189 4062 Forderung.
1216 4023 1249 4031 -
1273 3993 1335 4047 iure
1360 3994 1480 4049 iurando

255 4100 288 4138 oc
306 4081 360 4149 fide
377 4080 533 4149 amicimus]
553 4082 621 4149 „uir
638 4082 723 4136 haben
737 4081 820 4136 durch
834 4082 909 4136 einen
922 4082 1036 4150 heiligen
1049 4081 1203 4135 Eidschwur
1216 4098 1267 4135 uns
1280 4081 1479 4152 varpflichtet“;

255 4170 347 4226 worn?
367 4174 428 4239 sagt
446 4170 492 4224 der
506 4169 566 4223 Satn
585 4187 619 4224 aa
698 4170 871 4226 deseruntur,
892 4199 925 4238 .··
945 4186 998 4240 quo
1015 4170 1099 4240 more]
1118 4169 1176 4224 Wir
1194 4170 1324 4224 brauchen
1342 4171 1404 4224 hein
1418 4171 1481 4224 Sub

209 4265 213 4276 “
255 4261 407 4314 stentirnm.
428 4287 461 4296 -
478 4259 643 4328 pravissima
661 4259 842 4327 caerimonia]
860 4260 952 4313 Dieser
965 4260 1096 4313 feiorliche
1110 4259 1215 4313 Breuch
1228 4259 1315 4313 warde
1328 4260 1397 4314 wohl
1414 4259 1478 4313 auch

254 4349 297 4403 bei
315 4350 415 4402 andern
434 4345 637 4416 Gelaganhcitan
655 4349 818 4416 angowandt.

329 4451 351 4493 a.
371 4439 407 4493 ab
426 4437 542 4494 scaccho
561 4436 724 4505 disceditur]
744 4437 808 4505 „dio
826 4437 1026 4506 Varsammlung
1043 4437 1097 4491 lost
1115 4437 1171 4491 sich
1189 4437 1263 4492 aul“.
