3086 4920
207 289 261 350 118
699 288 739 340 De
757 287 826 342 bello
844 283 944 340 Gallico

207 452 349 517 hostium
379 450 601 515 vulneraretur
631 449 727 529 atque
756 445 1001 522 interficeretur,
1032 447 1071 510 ut
1100 463 1133 510 se
1162 447 1222 510 sub
1252 446 1322 529 ipso
1352 446 1439 510 vallo

183 557 464 640 coonstipaverant
486 572 711 636 recessumque
742 553 853 636 primis
883 552 990 616 ultimi
1019 571 1083 616 non
1117 551 1244 616 debant.
1298 551 1438 616 Patrium

209 662 337 747 quidem
359 662 542 726 intermissa
564 660 695 724 flamma
719 662 751 723 et
776 658 915 742 quodam
945 659 1014 723 loco
1045 659 1127 722 turri
1156 657 1271 723 adacta
1301 661 1335 722 et
1365 677 1440 723 eon·

208 770 350 852 tingente
373 770 494 833 vallum
511 767 630 841 tertiae
654 766 792 831 cohortis
822 766 1023 830 centuriones
1053 783 1091 828 ex
1122 783 1173 841 eo,
1204 783 1267 846 quo
1298 765 1442 841 stabunt,

208 879 275 941 loco
309 875 510 941 recesserunt
544 875 693 955 suosque
717 890 827 937 omnes
861 872 1084 948 removerunt,
1118 871 1201 935 nutu
1243 871 1442 952 vocibusque

208 983 332 1059 hostes,
364 982 390 1048 si
424 980 553 1045 introire
585 980 720 1056 vellent,
749 997 861 1044 vocare
893 979 1081 1060 ooeperunt;
1117 995 1253 1060 quorum
1288 976 1441 1060 progredi

184 1106 306 1153 causus
334 1091 383 1153 est
406 1106 508 1152 nomo.
552 1086 635 1150 Tum
658 1104 696 1150 ex
725 1085 811 1149 omni
838 1085 929 1167 parte
959 1083 1118 1166 lapidibus
1148 1083 1298 1148 coniectis
1330 1082 1443 1148 detur·

208 1195 284 1272 bati,
307 1194 469 1275 turrisque
493 1210 646 1257 succense
668 1193 726 1256 est.

153 1305 198 1366 44
298 1301 399 1365 Erant
421 1300 455 1363 in
477 1318 516 1364 ea
536 1299 659 1380 legione
690 1296 856 1362 fortissimi
887 1297 963 1373 viri,
993 1296 1209 1373 centuriones,
1240 1297 1296 1378 qui
1326 1297 1441 1380 primis

185 1407 371 1472 aordinibus
402 1405 706 1490 appropinquarent,
736 1404 828 1468 Titus
857 1402 949 1467 Pulio
981 1405 1013 1466 et
1042 1402 1160 1467 Lucius
1190 1401 1349 1467 Vorenus.
1398 1403 1441 1466 Hi

208 1515 379 1596 perpetuas
408 1512 493 1576 inter
522 1529 555 1576 se
586 1509 816 1576 controversias
845 1510 1020 1587 habebant,
1051 1509 1182 1591 quinam
1214 1508 1443 1586 anteferretur,

210 1620 419 1701 omnibusque
456 1618 547 1682 annis
582 1617 620 1682 de
655 1616 733 1681 locis
769 1616 903 1682 summis
939 1615 1157 1681 simultatibus
1193 1617 1445 1681 contendebant

186 1726 257 1790 ullu
284 1726 336 1791 his
359 1725 464 1803 Pulio,
494 1743 568 1789 eum
599 1724 751 1789 acerrime
789 1722 829 1788 ad
864 1721 1060 1788 munitiones
1089 1725 1304 1806 pugnaretur,
1334 1771 1351 1801 „
1363 1723 1442 1805 quid

95 1903 104 1916 ,
211 1832 381 1909 dubitas“,
420 1831 546 1914 inquit,
587 1829 760 1908 „Vorenei
796 1831 853 1894 aut
888 1848 984 1911 quem
1018 1830 1123 1894 locum
1152 1830 1228 1894 tuae
1257 1829 1442 1912 probandae

209 1939 338 2004 virtutis
368 1938 556 2021 exspectas?
592 1936 644 2001 hie
677 1936 743 2001 dies
779 1936 818 2000 de
854 1935 972 2000 nostris
1009 1935 1229 2000 controversiis
1258 1935 1443 2001 iudicamur

185 2045 299 2113 rHaeo
322 2063 395 2109 cum
419 2044 563 2120 dixisset,
585 2041 728 2126 procedit
758 2044 848 2107 extre
877 2043 1070 2107 munitiones
1101 2060 1247 2124 quaeque
1277 2059 1352 2125 pars
1386 2044 1443 2108 ho·

186 2153 310 2217 estium
333 2150 566 2216 confertissima
589 2151 638 2214 est
660 2149 738 2227 risa,
761 2148 919 2232 irrumpit.
965 2149 1014 2214 Ne
1038 2148 1184 2213 Vorenus
1209 2149 1340 2229 quidem
1372 2167 1443 2214 sese

212 2343 382 2414 sigentlioher
399 2343 554 2414 Superlativ.
581 2371 615 2381 —
639 2348 672 2397 ut
754 2359 810 2397 ueu
828 2341 946 2410 dabam]
965 2348 997 2396 ut
1015 2345 1061 2410 (-=
1074 2342 1265 2413 entspreehend
1285 2342 1332 2396 der
1345 2341 1444 2410 Weiss,

210 2433 270 2499 wie)
287 2435 386 2488 ersetzt
403 2432 442 2486 oft
459 2431 534 2486 sinen
551 2431 716 2486 Ksusulsstz.
741 2459 774 2469 —
799 2431 871 2501 ipso]
889 2430 947 2484 Wir
975 2431 1107 2484 erreichen
1131 2431 1251 2484 demelbe
1269 2431 1353 2484 durch
1373 2449 1443 2498 „un-

211 2521 356 2588 mittelbar,
375 2519 501 2588 gersde“.
522 2547 556 2558 ·-
574 2519 642 2574 mibi
659 2535 793 2574 recessum
808 2535 866 2574 uorr
879 2519 978 2587 dabat]
999 2536 1051 2587 „er
1065 2519 1170 2572 msehte
1182 2519 1235 2572 mir
1245 2519 1324 2588 jadon
1338 2519 1445 2574 Schritt

213 2609 309 2664 eunici
327 2607 475 2676 unmoglich
483 2609 507 2661 “.
536 2637 570 2646 -
594 2608 697 2677 primis
775 2607 881 2675 ultimi]
905 2607 963 2661 sind
987 2607 1045 2660 hier
1062 2608 1089 2661 in
1108 2607 1278 2662 rtumlichem
1296 2608 1377 2662 Sinna
1400 2624 1443 2676 ge·

211 2699 338 2764 breueht3
358 2696 458 2750 hierftir
475 2696 560 2750 haben
578 2697 626 2750 wir
643 2696 827 2750 besondsro
844 2695 992 2765 Adjelrtive.

286 2799 299 2840 o
320 2805 343 2837 u.
360 2800 383 2840 a.
403 2782 525 2856 quidem]
543 2785 620 2838 leitet
632 2785 671 2839 oft
683 2801 742 2839 vom
751 2783 929 2854 Allgemeinen
949 2801 979 2838 uu
994 2783 1173 2840 Eineelhsiten
1191 2785 1269 2839 iiber:
1290 2786 1397 2852 „nun“.
1409 2813 1440 2821 -

211 2877 297 2944 turre]
321 2875 397 2930 nicht
413 2875 508 2941 Dativ3
533 2873 580 2928 der
597 2873 678 2928 Turm
696 2873 763 2928 wird
780 2891 831 2928 von
849 2873 899 2927 den
917 2873 1032 2928 Feinden
1056 2873 1293 2942 hersngesohobsn.
1319 2903 1353 2912 -
1378 2888 1445 2928 suos

212 2965 358 3032 renectere]
385 2963 476 3032 „seins
500 2963 582 3016 Lente
608 2962 846 3017 aurdoknehmen“.
876 2992 909 3001 -
937 2963 962 3017 si
1055 2963 1162 3029 edbert]
1190 2963 1216 3016 si
1240 2963 1351 3016 vertlitt
1375 2962 1442 3016 nach

211 3053 321 3108 Worten
341 3053 387 3106 des
404 3051 581 3119 Versuchens,
600 3041 773 3120 ilberlegens,
796 3050 912 3118 megene
931 3051 978 3105 das
996 3051 1127 3104 indirelrte
1144 3050 1310 3120 Fragevrort3
1334 3052 1403 3106 velle
1421 3067 1443 3104 s.

212 3143 274 3198 Anl.
292 3141 324 3196 U.
351 3167 385 3178 -
410 3139 520 3208 occare]
547 3139 719 3208 ,‚einladen“.
744 3169 779 3179 -
804 3138 933 3208 puerum]
958 3139 1012 3193 Das
1030 3139 1136 3194 Relatio
1160 3139 1237 3193 leitet
1259 3141 1342 3194 bitere
1367 3141 1442 3194 einen

213 3229 360 3300 degonsata
379 3230 429 3284 ein.
454 3258 488 3268 -
507 3229 641 3299 propreds'
659 3243 746 3284 curres
763 3233 802 3284 est
819 3228 909 3296 uemo]
933 3229 984 3296 vgl.
1003 3227 1049 3294 IV,
1068 3229 1094 3296 2,
1113 3229 1138 3283 5.
1163 3257 1197 3266 —
1222 3228 1362 3298 coniuret]
1380 3229 1444 3280 Wer

212 3318 278 3373 wird
295 3317 473 3372 besohossen?

284 3405 363 3476 Καρ.
377 3407 423 3461 44.
456 3419 467 3459 1
484 3423 507 3456 u.
520 3417 543 3460 r.
557 3405 652 3472 eraut]
666 3404 732 3476 Kap.
746 3406 790 3473 sd,
804 3406 831 3460 4.
845 3436 879 3444 —
894 3405 1038 3472 fortissimi
1051 3406 1118 3474 oiri]
1133 3405 1189 3461 Aue
1203 3407 1252 3460 den
1267 3407 1444 3461 unmittslbsr

213 3494 352 3563 folgenden
370 3494 481 3548 Worten
498 3494 600 3562 ergiebt
618 3493 689 3561 sch,
717 3493 775 3548 deis
793 3511 821 3548 es
841 3495 902 3548 awai
921 3495 995 3562 sind;
1023 3495 1051 3549 in
1079 3495 1185 3550 solohsn
1202 3493 1295 3548 senen
1312 3494 1380 3549 lant
1398 3495 1443 3547 dar

213 3582 335 3639 Lateiner
353 3583 395 3636 die
414 3583 657 3653 Zablbestimmung
674 3599 738 3652 weg.
765 3611 797 3624 -
822 3585 912 3652 primi
930 3584 1053 3654 ordines]
1072 3584 1139 3655 Kap.
1158 3585 1202 3652 28,
1221 3585 1246 3638 2.
1272 3588 1307 3622 -'
1335 3590 1442 3640 contro·

213 3671 319 3728 busim
335 3672 410 3726 usur
427 3687 478 3726 uos
496 3665 637 3740 baberrues]
658 3671 723 3740 „wir
742 3672 828 3742 liegen
848 3673 898 3726 mit
916 3672 1040 3726 einander
1053 3672 1080 3726 in
1094 3671 1209 3727 Streit“.
1230 3701 1263 3710 -
1283 3675 1349 3743 quis
1368 3677 1444 3728 aeu-

213 3757 361 3827 seruturil
387 3775 461 3826 „wer
478 3760 597 3814 verdient
616 3760 665 3815 den
683 3760 831 3831 Voraug?“
860 3790 893 3800 -
923 3761 956 3817 de
975 3761 1054 3831 loeis]
1072 3761 1130 3815 Wir
1148 3779 1228 3830 segem
1248 3779 1318 3829 „um
1335 3762 1377 3816 dio
1395 3761 1443 3816 Be·

214 3848 384 3916 forderung“.
400 3877 434 3886 -
448 3848 560 3904 summis
573 3847 773 3919 simultatibus]
787 3849 823 3904 Es
838 3850 902 3904 wird
917 3850 1001 3904 demit
1014 3850 1072 3904 ihre
1084 3849 1234 3904 Eifersueht
1247 3851 1407 3906 summust.

289 3949 301 3990 s
321 3954 345 3990 ιι.
366 3947 390 3990 s.
410 3936 551 4004 dubitare]
567 3979 582 4004 „
593 3937 648 3990 sich
661 3937 826 3992 bedenken“.
846 3968 881 3977 -
899 3939 986 4006 locus]
1001 3939 1047 3992 wie
1061 3938 1128 4009 Kap.
1141 3937 1186 4006 35,
1199 3939 1226 3993 4.
1241 3969 1276 3978 ·-
1290 3937 1444 4006 iudicabit]

214 4026 318 4080 Driicke
342 4025 390 4080 des
407 4024 538 4080 Futurum
560 4025 643 4080 durch
663 4025 789 4093 ,‚sollen“
809 4029 872 4080 aus!
902 4057 934 4066 -
963 4028 1031 4083 baec
1048 4043 1110 4082 eum
1129 4027 1257 4098 misser]
1274 4027 1336 4083 Aul.
1356 4029 1388 4082 D.
1409 4055 1442 4064 -

212 4112 340 4184 precedit
357 4119 438 4169 exau
454 4112 633 4183 munitiorem]
651 4114 707 4168 Das
725 4114 809 4183 Leger
826 4115 882 4169 also
900 4115 1010 4170 verltlst
1027 4133 1063 4171 er.
1091 4147 1125 4154 -·
1152 4131 1276 4186 quosque
1294 4114 1377 4185 pars]
1401 4114 1444 4168 ffir

214 4207 242 4258 et
259 4203 292 4258 ia
310 4216 370 4257 eam
384 4208 503 4272 partera
521 4217 599 4272 quae

246 4337 249 4344 .
289 4303 346 4346 su.
367 4303 391 4346 s.
417 4307 471 4348 sess
496 4290 629 4359 muter]
656 4291 709 4359 vgl.
727 4291 773 4361 IV,
791 4293 839 4360 34,
859 4293 888 4361 23
915 4293 1030 4348 numlieh
1055 4293 1192 4350 innerhslb
1217 4294 1264 4348 des
1281 4293 1388 4349 Wslloa
1409 4322 1442 4330 -
