<?xml version="1.0" encoding="UTF-8"?>
<!DOCTYPE html PUBLIC "-//W3C//DTD XHTML 1.0 Transitional//EN"
    "http://www.w3.org/TR/xhtml1/DTD/xhtml1-transitional.dtd">
<html xmlns="http://www.w3.org/1999/xhtml" xml:lang="en" lang="en">
 <head>
  <title>
</title>
<meta http-equiv="Content-Type" content="text/html;charset=utf-8" />
  <meta name='ocr-system' content='tesseract 3.04.00' />
  <meta name='ocr-capabilities' content='ocr_page ocr_carea ocr_par ocr_line ocrx_word'/>
</head>
<body>
  <div class='ocr_page' id='page_1' title='image "./ciuliicaesarisc01menggoog_0066.png"; bbox 0 0 3172 4922; ppageno 0'>
   <div class='ocr_carea' id='block_1_1' title="bbox 589 295 1354 364">
    <p class='ocr_par' dir='ltr' id='par_1_1' title="bbox 589 295 1354 364">
     <span class='ocr_line' id='line_1_1' title="bbox 589 295 1354 364; baseline 0.009 -14"><span class='ocrx_word' id='word_1_1' title='bbox 589 295 686 351; x_wconf 89' lang='lat' dir='ltr'>Comm.</span> <span class='ocrx_word' id='word_1_2' title='bbox 705 297 726 364; x_wconf 89' lang='lat' dir='ltr'>I,</span> <span class='ocrx_word' id='word_1_3' title='bbox 745 313 766 351; x_wconf 91' lang='lat' dir='ltr'>c.</span> <span class='ocrx_word' id='word_1_4' title='bbox 786 298 828 351; x_wconf 83' lang='lat'>44.</span> <span class='ocrx_word' id='word_1_5' title='bbox 848 297 890 353; x_wconf 83' lang='lat'>45.</span> <span class='ocrx_word' id='word_1_6' title='bbox 1319 296 1354 358; x_wconf 74' lang='grc'>47</span> 
     </span>
    </p>
   </div>
   <div class='ocr_carea' id='block_1_2' title="bbox 82 458 1406 2351">
    <p class='ocr_par' dir='ltr' id='par_1_2' title="bbox 117 458 1355 649">
     <span class='ocr_line' id='line_1_2' title="bbox 118 458 1354 543; baseline 0.002 -21"><span class='ocrx_word' id='word_1_7' title='bbox 118 458 259 538; x_wconf 85' lang='lat' dir='ltr'>trogum</span> <span class='ocrx_word' id='word_1_8' title='bbox 284 458 427 540; x_wconf 83' lang='lat' dir='ltr'>proximo</span> <span class='ocrx_word' id='word_1_9' title='bbox 450 458 600 523; x_wconf 81' lang='lat' dir='ltr'>Haeduos</span> <span class='ocrx_word' id='word_1_10' title='bbox 623 459 775 524; x_wconf 89' lang='lat' dir='ltr'>Romanis</span> <span class='ocrx_word' id='word_1_11' title='bbox 800 459 954 523; x_wconf 86' lang='lat' dir='ltr'>auxilium</span> <span class='ocrx_word' id='word_1_12' title='bbox 976 459 1105 537; x_wconf 88' lang='lat' dir='ltr'>tulisse,</span> <span class='ocrx_word' id='word_1_13' title='bbox 1135 479 1239 541; x_wconf 90' lang='lat' dir='ltr'>neque</span> <span class='ocrx_word' id='word_1_14' title='bbox 1270 460 1354 543; x_wconf 86' lang='lat' dir='ltr'>ipses</span> 
     </span>
     <span class='ocr_line' id='line_1_3' title="bbox 117 563 1355 649; baseline 0.005 -22"><span class='ocrx_word' id='word_1_15' title='bbox 117 563 150 626; x_wconf 92' lang='lat' dir='ltr'>in</span> <span class='ocrx_word' id='word_1_16' title='bbox 174 564 226 628; x_wconf 91' lang='lat' dir='ltr'>his</span> <span class='ocrx_word' id='word_1_17' title='bbox 253 565 519 643; x_wconf 88' lang='lat' dir='ltr'>contentionibus,</span> <span class='ocrx_word' id='word_1_18' title='bbox 545 584 623 647; x_wconf 90' lang='lat' dir='ltr'>quas</span> <span class='ocrx_word' id='word_1_19' title='bbox 644 566 771 630; x_wconf 90' lang='lat' dir='ltr'>Haedui</span> <span class='ocrx_word' id='word_1_20' title='bbox 795 585 904 630; x_wconf 85' lang='lat' dir='ltr'>secum</span> <span class='ocrx_word' id='word_1_21' title='bbox 927 567 960 630; x_wconf 91' lang='lat' dir='ltr'>et</span> <span class='ocrx_word' id='word_1_22' title='bbox 984 585 1057 631; x_wconf 88' lang='lat' dir='ltr'>eum</span> <span class='ocrx_word' id='word_1_23' title='bbox 1075 566 1231 649; x_wconf 84' lang='lat' dir='ltr'>Sequanis</span> <span class='ocrx_word' id='word_1_24' title='bbox 1254 568 1355 635; x_wconf 89' lang='lat' dir='ltr'>habu·</span> 
     </span>
    </p>

    <p class='ocr_par' dir='ltr' id='par_1_3' title="bbox 82 670 1397 1820">
     <span class='ocr_line' id='line_1_4' title="bbox 82 670 1397 756; baseline 0.002 -22"><span class='ocrx_word' id='word_1_25' title='bbox 82 671 85 677; x_wconf 83' lang='grc'><strong>’</strong></span> <span class='ocrx_word' id='word_1_26' title='bbox 117 670 229 748; x_wconf 79' lang='lat' dir='ltr'><strong>issent,</strong></span> <span class='ocrx_word' id='word_1_27' title='bbox 256 672 376 735; x_wconf 80' lang='lat' dir='ltr'>auxilie</span> <span class='ocrx_word' id='word_1_28' title='bbox 399 673 508 754; x_wconf 92' lang='lat' dir='ltr'>pepuli</span> <span class='ocrx_word' id='word_1_29' title='bbox 530 672 666 736; x_wconf 88' lang='lat' dir='ltr'>Romani</span> <span class='ocrx_word' id='word_1_30' title='bbox 688 691 763 736; x_wconf 91' lang='lat' dir='ltr'>usos</span> <span class='ocrx_word' id='word_1_31' title='bbox 787 691 865 736; x_wconf 89' lang='lat' dir='ltr'>esse.</span> <span class='ocrx_word' id='word_1_32' title='bbox 910 672 1034 737; x_wconf 84' lang='lat' dir='ltr'>Debere</span> <span class='ocrx_word' id='word_1_33' title='bbox 1062 692 1096 737; x_wconf 87' lang='lat' dir='ltr'>se</span> <span class='ocrx_word' id='word_1_34' title='bbox 1128 673 1283 756; x_wconf 86' lang='lat' dir='ltr'>suspicari</span> <span class='ocrx_word' id='word_1_35' title='bbox 1314 675 1397 754; x_wconf 87' lang='lat' dir='ltr'>si-1e</span> 
     </span>
     <span class='ocr_line' id='line_1_5' title="bbox 117 776 1354 860; baseline 0 -16"><span class='ocrx_word' id='word_1_36' title='bbox 117 778 246 844; x_wconf 80' lang='lat' dir='ltr'>murata</span> <span class='ocrx_word' id='word_1_37' title='bbox 273 776 446 843; x_wconf 85' lang='lat' dir='ltr'>Caesarem</span> <span class='ocrx_word' id='word_1_38' title='bbox 469 779 624 856; x_wconf 89' lang='lat' dir='ltr'>amicitia,</span> <span class='ocrx_word' id='word_1_39' title='bbox 649 779 733 860; x_wconf 89' lang='lat' dir='ltr'>qued</span> <span class='ocrx_word' id='word_1_40' title='bbox 757 779 931 843; x_wconf 83' lang='lat' dir='ltr'>exereitum</span> <span class='ocrx_word' id='word_1_41' title='bbox 953 781 986 843; x_wconf 93' lang='lat' dir='ltr'>in</span> <span class='ocrx_word' id='word_1_42' title='bbox 1010 779 1115 846; x_wconf 83' lang='lat' dir='ltr'>Gallia</span> <span class='ocrx_word' id='word_1_43' title='bbox 1141 780 1275 857; x_wconf 89' lang='lat' dir='ltr'>habeat,</span> <span class='ocrx_word' id='word_1_44' title='bbox 1303 781 1354 844; x_wconf 92' lang='lat' dir='ltr'>sui</span> 
     </span>
     <span class='ocr_line' id='line_1_6' title="bbox 118 884 1396 968; baseline -0.001 -21"><span class='ocrx_word' id='word_1_45' title='bbox 118 884 325 967; x_wconf 88' lang='lat' dir='ltr'>opprimendi</span> <span class='ocrx_word' id='word_1_46' title='bbox 348 903 445 948; x_wconf 85' lang='lat' dir='ltr'>causa</span> <span class='ocrx_word' id='word_1_47' title='bbox 467 886 592 950; x_wconf 89' lang='lat' dir='ltr'>habere.</span> <span class='ocrx_word' id='word_1_48' title='bbox 639 884 701 964; x_wconf 82' lang='lat' dir='ltr'>Qui</span> <span class='ocrx_word' id='word_1_49' title='bbox 723 886 785 950; x_wconf 88' lang='lat' dir='ltr'>nisi</span> <span class='ocrx_word' id='word_1_50' title='bbox 809 886 940 950; x_wconf 86' lang='lat' dir='ltr'>decedat</span> <span class='ocrx_word' id='word_1_51' title='bbox 972 887 1067 968; x_wconf 89' lang='lat' dir='ltr'>atque</span> <span class='ocrx_word' id='word_1_52' title='bbox 1098 887 1270 951; x_wconf 78' lang='lat' dir='ltr'>exercitum</span> <span class='ocrx_word' id='word_1_53' title='bbox 1301 887 1354 951; x_wconf 91' lang='lat' dir='ltr'>de·</span> <span class='ocrx_word' id='word_1_54' title='bbox 1368 907 1396 947; x_wconf 73' lang='grc' dir='ltr'>ιι</span> 
     </span>
     <span class='ocr_line' id='line_1_7' title="bbox 119 991 1354 1076; baseline 0.003 -22"><span class='ocrx_word' id='word_1_55' title='bbox 119 991 218 1056; x_wconf 87' lang='lat' dir='ltr'>ducat</span> <span class='ocrx_word' id='word_1_56' title='bbox 243 1011 285 1056; x_wconf 86' lang='lat' dir='ltr'>ex</span> <span class='ocrx_word' id='word_1_57' title='bbox 307 992 357 1055; x_wconf 93' lang='lat' dir='ltr'>his</span> <span class='ocrx_word' id='word_1_58' title='bbox 381 993 571 1074; x_wconf 84' lang='lat' dir='ltr'>regionibus,</span> <span class='ocrx_word' id='word_1_59' title='bbox 596 1012 664 1058; x_wconf 90' lang='lat' dir='ltr'>sese</span> <span class='ocrx_word' id='word_1_60' title='bbox 687 994 781 1058; x_wconf 89' lang='lat' dir='ltr'>illum</span> <span class='ocrx_word' id='word_1_61' title='bbox 803 1013 867 1058; x_wconf 90' lang='lat' dir='ltr'>non</span> <span class='ocrx_word' id='word_1_62' title='bbox 889 1013 946 1076; x_wconf 92' lang='lat' dir='ltr'>prc</span> <span class='ocrx_word' id='word_1_63' title='bbox 970 995 1080 1070; x_wconf 88' lang='lat' dir='ltr'>amieo,</span> <span class='ocrx_word' id='word_1_64' title='bbox 1104 993 1159 1057; x_wconf 89' lang='lat' dir='ltr'>sed</span> <span class='ocrx_word' id='word_1_65' title='bbox 1182 994 1283 1058; x_wconf 87' lang='lat' dir='ltr'>hoste·</span> <span class='ocrx_word' id='word_1_66' title='bbox 1297 994 1354 1058; x_wconf 83' lang='lat' dir='ltr'>ha·</span> 
     </span>
     <span class='ocr_line' id='line_1_8' title="bbox 117 1092 1397 1183; baseline -0.001 -22"><span class='ocrx_word' id='word_1_67' title='bbox 117 1097 278 1162; x_wconf 88' lang='lat' dir='ltr'>biturum.</span> <span class='ocrx_word' id='word_1_68' title='bbox 311 1092 403 1176; x_wconf 81' lang='lat' dir='ltr'>Quod</span> <span class='ocrx_word' id='word_1_69' title='bbox 427 1099 454 1162; x_wconf 88' lang='lat' dir='ltr'>si</span> <span class='ocrx_word' id='word_1_70' title='bbox 477 1119 551 1164; x_wconf 92' lang='lat' dir='ltr'>eum</span> <span class='ocrx_word' id='word_1_71' title='bbox 573 1099 776 1177; x_wconf 72' lang='lat' dir='ltr'>interfecerit,</span> <span class='ocrx_word' id='word_1_72' title='bbox 798 1100 910 1163; x_wconf 91' lang='lat' dir='ltr'>multis</span> <span class='ocrx_word' id='word_1_73' title='bbox 935 1118 1004 1164; x_wconf 90' lang='lat' dir='ltr'>sese</span> <span class='ocrx_word' id='word_1_74' title='bbox 1027 1100 1183 1164; x_wconf 85' lang='lat' dir='ltr'>nobilibus</span> <span class='ocrx_word' id='word_1_75' title='bbox 1207 1101 1354 1183; x_wconf 87' lang='lat' dir='ltr'>principi·</span> <span class='ocrx_word' id='word_1_76' title='bbox 1368 1119 1397 1160; x_wconf 79' lang='lat' dir='ltr'>sn</span> 
     </span>
     <span class='ocr_line' id='line_1_9' title="bbox 116 1204 1353 1290; baseline 0.002 -22"><span class='ocrx_word' id='word_1_77' title='bbox 116 1204 244 1286; x_wconf 88' lang='lat' dir='ltr'>busque</span> <span class='ocrx_word' id='word_1_78' title='bbox 270 1205 381 1288; x_wconf 88' lang='lat' dir='ltr'>populi</span> <span class='ocrx_word' id='word_1_79' title='bbox 403 1206 540 1269; x_wconf 86' lang='lat' dir='ltr'>Romani</span> <span class='ocrx_word' id='word_1_80' title='bbox 564 1208 691 1287; x_wconf 83' lang='lat' dir='ltr'>gratum</span> <span class='ocrx_word' id='word_1_81' title='bbox 716 1225 785 1270; x_wconf 89' lang='lat' dir='ltr'>esse</span> <span class='ocrx_word' id='word_1_82' title='bbox 809 1205 989 1279; x_wconf 81' lang='lat' dir='ltr'>facturum3</span> <span class='ocrx_word' id='word_1_83' title='bbox 1019 1206 1051 1269; x_wconf 92' lang='lat' dir='ltr'>id</span> <span class='ocrx_word' id='word_1_84' title='bbox 1076 1224 1109 1269; x_wconf 88' lang='lat' dir='ltr'>se</span> <span class='ocrx_word' id='word_1_85' title='bbox 1134 1207 1173 1269; x_wconf 91' lang='lat' dir='ltr'>ab</span> <span class='ocrx_word' id='word_1_86' title='bbox 1197 1207 1273 1288; x_wconf 89' lang='lat' dir='ltr'>ipsis</span> <span class='ocrx_word' id='word_1_87' title='bbox 1296 1225 1353 1290; x_wconf 88' lang='lat' dir='ltr'>per</span> 
     </span>
     <span class='ocr_line' id='line_1_10' title="bbox 117 1311 1352 1395; baseline 0.002 -21"><span class='ocrx_word' id='word_1_88' title='bbox 117 1329 231 1374; x_wconf 85' lang='lat' dir='ltr'>eorum</span> <span class='ocrx_word' id='word_1_89' title='bbox 257 1311 388 1374; x_wconf 91' lang='lat' dir='ltr'>nunties</span> <span class='ocrx_word' id='word_1_90' title='bbox 412 1314 611 1394; x_wconf 83' lang='lat' dir='ltr'>compertum</span> <span class='ocrx_word' id='word_1_91' title='bbox 633 1313 758 1390; x_wconf 91' lang='lat' dir='ltr'>habere,</span> <span class='ocrx_word' id='word_1_92' title='bbox 784 1331 919 1394; x_wconf 90' lang='lat' dir='ltr'>quorum</span> <span class='ocrx_word' id='word_1_93' title='bbox 944 1313 1086 1376; x_wconf 90' lang='lat' dir='ltr'>omnium</span> <span class='ocrx_word' id='word_1_94' title='bbox 1102 1312 1240 1394; x_wconf 85' lang='lat' dir='ltr'>gratiam</span> <span class='ocrx_word' id='word_1_95' title='bbox 1257 1315 1352 1395; x_wconf 90' lang='lat' dir='ltr'>atque</span> 
     </span>
     <span class='ocr_line' id='line_1_11' title="bbox 117 1417 1396 1501; baseline 0.002 -21"><span class='ocrx_word' id='word_1_96' title='bbox 117 1417 300 1481; x_wconf 89' lang='lat' dir='ltr'>amicitiam</span> <span class='ocrx_word' id='word_1_97' title='bbox 333 1417 401 1481; x_wconf 92' lang='lat' dir='ltr'>eius</span> <span class='ocrx_word' id='word_1_98' title='bbox 431 1420 533 1482; x_wconf 90' lang='lat' dir='ltr'>morte</span> <span class='ocrx_word' id='word_1_99' title='bbox 563 1418 718 1482; x_wconf 86' lang='lat' dir='ltr'>redimere</span> <span class='ocrx_word' id='word_1_100' title='bbox 741 1420 858 1501; x_wconf 90' lang='lat' dir='ltr'>posset.</span> <span class='ocrx_word' id='word_1_101' title='bbox 913 1417 1004 1496; x_wconf 81' lang='lat' dir='ltr'>Quod</span> <span class='ocrx_word' id='word_1_102' title='bbox 1031 1419 1061 1482; x_wconf 90' lang='lat' dir='ltr'>si</span> <span class='ocrx_word' id='word_1_103' title='bbox 1090 1418 1290 1484; x_wconf 87' lang='lat' dir='ltr'>discessisset</span> <span class='ocrx_word' id='word_1_104' title='bbox 1321 1421 1396 1484; x_wconf 70' lang='lat' dir='ltr'>etis</span> 
     </span>
     <span class='ocr_line' id='line_1_12' title="bbox 117 1523 1354 1606; baseline 0.003 -20"><span class='ocrx_word' id='word_1_105' title='bbox 117 1523 256 1587; x_wconf 88' lang='lat' dir='ltr'>liberam</span> <span class='ocrx_word' id='word_1_106' title='bbox 292 1525 526 1605; x_wconf 90' lang='lat' dir='ltr'>possessionem</span> <span class='ocrx_word' id='word_1_107' title='bbox 557 1524 680 1590; x_wconf 79' lang='lat' dir='ltr'>Galliae</span> <span class='ocrx_word' id='word_1_108' title='bbox 716 1525 775 1590; x_wconf 88' lang='lat' dir='ltr'>sibi</span> <span class='ocrx_word' id='word_1_109' title='bbox 809 1525 1008 1602; x_wconf 76' lang='lat' dir='ltr'>tradidisset,</span> <span class='ocrx_word' id='word_1_110' title='bbox 1042 1543 1157 1606; x_wconf 83' lang='lat' dir='ltr'>magne</span> <span class='ocrx_word' id='word_1_111' title='bbox 1193 1544 1226 1589; x_wconf 90' lang='lat' dir='ltr'>se</span> <span class='ocrx_word' id='word_1_112' title='bbox 1261 1526 1354 1592; x_wconf 89' lang='lat' dir='ltr'>illum</span> 
     </span>
     <span class='ocr_line' id='line_1_13' title="bbox 117 1630 1353 1712; baseline 0.003 -20"><span class='ocrx_word' id='word_1_113' title='bbox 117 1630 264 1711; x_wconf 88' lang='lat' dir='ltr'>praemio</span> <span class='ocrx_word' id='word_1_114' title='bbox 296 1632 577 1695; x_wconf 83' lang='lat' dir='ltr'>remuneraturum</span> <span class='ocrx_word' id='word_1_115' title='bbox 607 1633 655 1709; x_wconf 90' lang='lat' dir='ltr'>et,</span> <span class='ocrx_word' id='word_1_116' title='bbox 686 1650 905 1712; x_wconf 90' lang='lat' dir='ltr'>quaecumque</span> <span class='ocrx_word' id='word_1_117' title='bbox 936 1631 1020 1696; x_wconf 88' lang='lat' dir='ltr'>bella</span> <span class='ocrx_word' id='word_1_118' title='bbox 1048 1632 1116 1712; x_wconf 79' lang='lat' dir='ltr'>geri</span> <span class='ocrx_word' id='word_1_119' title='bbox 1142 1632 1254 1709; x_wconf 84' lang='lat' dir='ltr'>vellet,</span> <span class='ocrx_word' id='word_1_120' title='bbox 1286 1633 1353 1696; x_wconf 87' lang='lat' dir='ltr'>sine</span> 
     </span>
     <span class='ocr_line' id='line_1_14' title="bbox 118 1736 883 1820; baseline 0.004 -21"><span class='ocrx_word' id='word_1_121' title='bbox 118 1736 184 1800; x_wconf 89' lang='lat' dir='ltr'>ullo</span> <span class='ocrx_word' id='word_1_122' title='bbox 209 1737 284 1800; x_wconf 88' lang='lat' dir='ltr'>eius</span> <span class='ocrx_word' id='word_1_123' title='bbox 307 1736 414 1801; x_wconf 89' lang='lat' dir='ltr'>labore</span> <span class='ocrx_word' id='word_1_124' title='bbox 438 1739 470 1801; x_wconf 92' lang='lat' dir='ltr'>et</span> <span class='ocrx_word' id='word_1_125' title='bbox 493 1738 631 1820; x_wconf 88' lang='lat' dir='ltr'>periculo</span> <span class='ocrx_word' id='word_1_126' title='bbox 656 1737 883 1802; x_wconf 87' lang='lat' dir='ltr'>confecturum.</span> 
     </span>
    </p>

    <p class='ocr_par' dir='ltr' id='par_1_4' title="bbox 121 1843 1406 2351">
     <span class='ocr_line' id='line_1_15' title="bbox 208 1843 1406 1926; baseline 0.003 -18"><span class='ocrx_word' id='word_1_127' title='bbox 208 1844 320 1908; x_wconf 85' lang='lat' dir='ltr'>Multa</span> <span class='ocrx_word' id='word_1_128' title='bbox 344 1845 383 1908; x_wconf 85' lang='lat' dir='ltr'>ab</span> <span class='ocrx_word' id='word_1_129' title='bbox 407 1843 541 1908; x_wconf 78' lang='lat' dir='ltr'>Caesare</span> <span class='ocrx_word' id='word_1_130' title='bbox 564 1844 598 1908; x_wconf 89' lang='lat' dir='ltr'>in</span> <span class='ocrx_word' id='word_1_131' title='bbox 622 1863 693 1908; x_wconf 88' lang='lat' dir='ltr'>eam</span> <span class='ocrx_word' id='word_1_132' title='bbox 717 1845 909 1909; x_wconf 91' lang='lat' dir='ltr'>sententiam</span> <span class='ocrx_word' id='word_1_133' title='bbox 933 1845 1018 1909; x_wconf 89' lang='lat' dir='ltr'>dieta</span> <span class='ocrx_word' id='word_1_134' title='bbox 1046 1846 1137 1922; x_wconf 91' lang='lat' dir='ltr'>sunt,</span> <span class='ocrx_word' id='word_1_135' title='bbox 1169 1863 1268 1926; x_wconf 86' lang='lat' dir='ltr'>quare</span> <span class='ocrx_word' id='word_1_136' title='bbox 1298 1851 1406 1911; x_wconf 79' lang='lat' dir='ltr'>ne-4t</span> 
     </span>
     <span class='ocr_line' id='line_1_16' title="bbox 121 1949 1355 2034; baseline 0.002 -21"><span class='ocrx_word' id='word_1_137' title='bbox 121 1949 206 2030; x_wconf 85' lang='lat' dir='ltr'>gotio</span> <span class='ocrx_word' id='word_1_138' title='bbox 239 1950 395 2014; x_wconf 84' lang='lat' dir='ltr'>desistere</span> <span class='ocrx_word' id='word_1_139' title='bbox 425 1969 488 2014; x_wconf 90' lang='lat' dir='ltr'>non</span> <span class='ocrx_word' id='word_1_140' title='bbox 518 1952 644 2033; x_wconf 86' lang='lat' dir='ltr'>posset:</span> <span class='ocrx_word' id='word_1_141' title='bbox 679 1970 782 2032; x_wconf 91' lang='lat' dir='ltr'>neque</span> <span class='ocrx_word' id='word_1_142' title='bbox 819 1970 911 2014; x_wconf 89' lang='lat' dir='ltr'>suam</span> <span class='ocrx_word' id='word_1_143' title='bbox 943 1969 1047 2033; x_wconf 91' lang='lat' dir='ltr'>neque</span> <span class='ocrx_word' id='word_1_144' title='bbox 1081 1952 1190 2034; x_wconf 88' lang='lat' dir='ltr'>populi</span> <span class='ocrx_word' id='word_1_145' title='bbox 1219 1952 1355 2016; x_wconf 85' lang='lat' dir='ltr'>Romani</span> 
     </span>
     <span class='ocr_line' id='line_1_17' title="bbox 122 2057 1354 2139; baseline 0.002 -20"><span class='ocrx_word' id='word_1_146' title='bbox 122 2057 390 2120; x_wconf 86' lang='lat' dir='ltr'>consuetudinem</span> <span class='ocrx_word' id='word_1_147' title='bbox 412 2057 495 2138; x_wconf 90' lang='lat' dir='ltr'>pati,</span> <span class='ocrx_word' id='word_1_148' title='bbox 519 2057 568 2120; x_wconf 88' lang='lat' dir='ltr'>uti</span> <span class='ocrx_word' id='word_1_149' title='bbox 591 2057 708 2139; x_wconf 89' lang='lat' dir='ltr'>optime</span> <span class='ocrx_word' id='word_1_150' title='bbox 731 2059 891 2121; x_wconf 89' lang='lat' dir='ltr'>merentes</span> <span class='ocrx_word' id='word_1_151' title='bbox 923 2059 1023 2121; x_wconf 89' lang='lat' dir='ltr'>socies</span> <span class='ocrx_word' id='word_1_152' title='bbox 1047 2057 1222 2135; x_wconf 90' lang='lat' dir='ltr'>desereret,</span> <span class='ocrx_word' id='word_1_153' title='bbox 1251 2077 1354 2139; x_wconf 90' lang='lat' dir='ltr'>neque</span> 
     </span>
     <span class='ocr_line' id='line_1_18' title="bbox 122 2162 1355 2252; baseline 0.002 -26"><span class='ocrx_word' id='word_1_154' title='bbox 122 2180 155 2226; x_wconf 88' lang='lat' dir='ltr'>se</span> <span class='ocrx_word' id='word_1_155' title='bbox 185 2163 331 2227; x_wconf 87' lang='lat' dir='ltr'>iudicare</span> <span class='ocrx_word' id='word_1_156' title='bbox 363 2162 501 2228; x_wconf 83' lang='lat' dir='ltr'>Galliam</span> <span class='ocrx_word' id='word_1_157' title='bbox 530 2163 636 2246; x_wconf 89' lang='lat' dir='ltr'>potius</span> <span class='ocrx_word' id='word_1_158' title='bbox 667 2182 736 2228; x_wconf 91' lang='lat' dir='ltr'>esse</span> <span class='ocrx_word' id='word_1_159' title='bbox 764 2164 915 2228; x_wconf 89' lang='lat' dir='ltr'>Ariovisti</span> <span class='ocrx_word' id='word_1_160' title='bbox 946 2182 1044 2245; x_wconf 89' lang='lat' dir='ltr'>quam</span> <span class='ocrx_word' id='word_1_161' title='bbox 1072 2165 1181 2247; x_wconf 85' lang='lat' dir='ltr'>pepuli</span> <span class='ocrx_word' id='word_1_162' title='bbox 1210 2165 1355 2252; x_wconf 89' lang='lat' dir='ltr'>Romani.</span> 
     </span>
     <span class='ocr_line' id='line_1_19' title="bbox 121 2267 1381 2351; baseline 0.003 -21"><span class='ocrx_word' id='word_1_163' title='bbox 121 2267 212 2333; x_wconf 89' lang='lat' dir='ltr'>Belle</span> <span class='ocrx_word' id='word_1_164' title='bbox 245 2272 413 2351; x_wconf 84' lang='lat' dir='ltr'>superatas</span> <span class='ocrx_word' id='word_1_165' title='bbox 445 2288 514 2334; x_wconf 90' lang='lat' dir='ltr'>esse</span> <span class='ocrx_word' id='word_1_166' title='bbox 537 2270 695 2334; x_wconf 85' lang='lat' dir='ltr'>Arvernos</span> <span class='ocrx_word' id='word_1_167' title='bbox 727 2271 760 2334; x_wconf 93' lang='lat' dir='ltr'>et</span> <span class='ocrx_word' id='word_1_168' title='bbox 783 2270 926 2334; x_wconf 89' lang='lat' dir='ltr'>Rutenos</span> <span class='ocrx_word' id='word_1_169' title='bbox 959 2271 998 2334; x_wconf 87' lang='lat' dir='ltr'>ab</span> <span class='ocrx_word' id='word_1_170' title='bbox 1021 2269 1140 2348; x_wconf 79' lang='lat' dir='ltr'>Quinte</span> <span class='ocrx_word' id='word_1_171' title='bbox 1163 2270 1259 2334; x_wconf 86' lang='lat' dir='ltr'>Fabio</span> <span class='ocrx_word' id='word_1_172' title='bbox 1287 2271 1381 2334; x_wconf 72' lang='lat' dir='ltr'>Mar</span> 
     </span>
    </p>
   </div>
   <div class='ocr_carea' id='block_1_3' title="bbox 122 2445 1406 4380">
    <p class='ocr_par' dir='ltr' id='par_1_5' title="bbox 122 2445 1357 2604">
     <span class='ocr_line' id='line_1_20' title="bbox 122 2445 1357 2516; baseline 0 -16"><span class='ocrx_word' id='word_1_173' title='bbox 122 2446 316 2515; x_wconf 80' lang='lat' dir='ltr'>Erfahrung“;</span> <span class='ocrx_word' id='word_1_174' title='bbox 339 2445 530 2516; x_wconf 86' lang='lat' dir='ltr'>entsprechend</span> <span class='ocrx_word' id='word_1_175' title='bbox 548 2446 618 2500; x_wconf 86' lang='lat' dir='ltr'>kann</span> <span class='ocrx_word' id='word_1_176' title='bbox 644 2447 794 2500; x_wconf 79' lang='lat' dir='ltr'>barbaram</span> <span class='ocrx_word' id='word_1_177' title='bbox 818 2447 953 2500; x_wconf 84' lang='lat' dir='ltr'>dbersetat</span> <span class='ocrx_word' id='word_1_178' title='bbox 977 2446 1088 2500; x_wconf 85' lang='lat' dir='ltr'>werden.</span> <span class='ocrx_word' id='word_1_179' title='bbox 1112 2477 1147 2486; x_wconf 89' lang='lat'>-</span> <span class='ocrx_word' id='word_1_180' title='bbox 1171 2446 1256 2516; x_wconf 77' lang='lat' dir='ltr'>ipsos]</span> <span class='ocrx_word' id='word_1_181' title='bbox 1281 2447 1357 2500; x_wconf 85' lang='lat' dir='ltr'>weist</span> 
     </span>
     <span class='ocr_line' id='line_1_21' title="bbox 123 2534 884 2604; baseline 0.001 -17"><span class='ocrx_word' id='word_1_182' title='bbox 123 2535 257 2590; x_wconf 88' lang='lat' dir='ltr'>betcnend</span> <span class='ocrx_word' id='word_1_183' title='bbox 277 2535 334 2588; x_wconf 84' lang='lat' dir='ltr'>aufs</span> <span class='ocrx_word' id='word_1_184' title='bbox 353 2534 464 2604; x_wconf 84' lang='lat' dir='ltr'>Subjekt</span> <span class='ocrx_word' id='word_1_185' title='bbox 483 2534 528 2588; x_wconf 89' lang='lat' dir='ltr'>des</span> <span class='ocrx_word' id='word_1_186' title='bbox 546 2535 652 2603; x_wconf 86' lang='lat' dir='ltr'>vorigen</span> <span class='ocrx_word' id='word_1_187' title='bbox 671 2534 761 2588; x_wconf 85' lang='lat' dir='ltr'>Satzes</span> <span class='ocrx_word' id='word_1_188' title='bbox 780 2535 884 2588; x_wconf 84' lang='lat' dir='ltr'>zurdck.</span> 
     </span>
    </p>

    <p class='ocr_par' dir='ltr' id='par_1_6' title="bbox 125 2623 1358 3036">
     <span class='ocr_line' id='line_1_22' title="bbox 198 2623 1355 2697; baseline 0 -19"><span class='ocrx_word' id='word_1_189' title='bbox 198 2637 240 2680; x_wconf 79' lang='grc' dir='ltr'>ιο.</span> <span class='ocrx_word' id='word_1_190' title='bbox 255 2625 392 2679; x_wconf 76' lang='lat' dir='ltr'>simulate</span> <span class='ocrx_word' id='word_1_191' title='bbox 406 2623 542 2693; x_wconf 68' lang='lat' dir='ltr'>amicitie]</span> <span class='ocrx_word' id='word_1_192' title='bbox 557 2625 643 2678; x_wconf 81' lang='lat' dir='ltr'>tibere.</span> <span class='ocrx_word' id='word_1_193' title='bbox 656 2623 707 2678; x_wconf 92' lang='lat' dir='ltr'>mit</span> <span class='ocrx_word' id='word_1_194' title='bbox 719 2623 791 2678; x_wconf 85' lang='lat' dir='ltr'>Hilfe</span> <span class='ocrx_word' id='word_1_195' title='bbox 805 2640 854 2678; x_wconf 86' lang='lat' dir='ltr'>von</span> <span class='ocrx_word' id='word_1_196' title='bbox 869 2624 1050 2697; x_wconf 43' lang='lat' dir='ltr'>„Vcrwandfft</span> <span class='ocrx_word' id='word_1_197' title='bbox 1067 2653 1094 2660; x_wconf 98' lang='lat'>—</span> <span class='ocrx_word' id='word_1_198' title='bbox 1113 2623 1188 2694; x_wconf 76' lang='lat' dir='ltr'>qaod</span> <span class='ocrx_word' id='word_1_199' title='bbox 1246 2623 1355 2691; x_wconf 80' lang='lat' dir='ltr'>hebeat]</span> 
     </span>
     <span class='ocr_line' id='line_1_23' title="bbox 125 2711 1358 2782; baseline -0.004 -13"><span class='ocrx_word' id='word_1_200' title='bbox 125 2715 208 2782; x_wconf 78' lang='lat' dir='ltr'>(qued</span> <span class='ocrx_word' id='word_1_201' title='bbox 226 2715 268 2768; x_wconf 88' lang='lat' dir='ltr'>ist</span> <span class='ocrx_word' id='word_1_202' title='bbox 285 2714 431 2782; x_wconf 84' lang='lat' dir='ltr'>gebraucht</span> <span class='ocrx_word' id='word_1_203' title='bbox 449 2713 496 2767; x_wconf 86' lang='lat' dir='ltr'>wie</span> <span class='ocrx_word' id='word_1_204' title='bbox 514 2714 529 2782; x_wconf 63' lang='grc' dir='ltr'>ᾗ</span> <span class='ocrx_word' id='word_1_205' title='bbox 548 2715 564 2767; x_wconf 89' lang='grc'><strong>6</strong></span> <span class='ocrx_word' id='word_1_206' title='bbox 583 2731 609 2768; x_wconf 91' lang='lat' dir='ltr'>u.</span> <span class='ocrx_word' id='word_1_207' title='bbox 628 2713 656 2778; x_wconf 90' lang='grc'>9)</span> <span class='ocrx_word' id='word_1_208' title='bbox 674 2715 763 2766; x_wconf 85' lang='lat' dir='ltr'>setzen</span> <span class='ocrx_word' id='word_1_209' title='bbox 781 2713 829 2766; x_wconf 89' lang='lat' dir='ltr'>wir</span> <span class='ocrx_word' id='word_1_210' title='bbox 847 2713 978 2767; x_wconf 85' lang='lat' dir='ltr'>entweder</span> <span class='ocrx_word' id='word_1_211' title='bbox 1002 2713 1092 2766; x_wconf 86' lang='lat' dir='ltr'>hinter</span> <span class='ocrx_word' id='word_1_212' title='bbox 1116 2712 1269 2780; x_wconf 77' lang='lat' dir='ltr'>suspicari,</span> <span class='ocrx_word' id='word_1_213' title='bbox 1295 2711 1358 2766; x_wconf 87' lang='lat' dir='ltr'>eder</span> 
     </span>
     <span class='ocr_line' id='line_1_24' title="bbox 126 2800 1357 2870; baseline -0.002 -14"><span class='ocrx_word' id='word_1_214' title='bbox 126 2803 171 2856; x_wconf 81' lang='lat' dir='ltr'>wir</span> <span class='ocrx_word' id='word_1_215' title='bbox 187 2803 280 2858; x_wconf 87' lang='lat' dir='ltr'>lassen</span> <span class='ocrx_word' id='word_1_216' title='bbox 299 2802 341 2856; x_wconf 90' lang='lat' dir='ltr'>die</span> <span class='ocrx_word' id='word_1_217' title='bbox 355 2801 477 2870; x_wconf 83' lang='lat' dir='ltr'>Stellnng</span> <span class='ocrx_word' id='word_1_218' title='bbox 493 2802 603 2856; x_wconf 87' lang='lat' dir='ltr'>bestehn</span> <span class='ocrx_word' id='word_1_219' title='bbox 622 2801 677 2855; x_wconf 92' lang='lat' dir='ltr'>und</span> <span class='ocrx_word' id='word_1_220' title='bbox 695 2802 848 2855; x_wconf 83' lang='lat' dir='ltr'>tibersetaen</span> <span class='ocrx_word' id='word_1_221' title='bbox 866 2802 1001 2856; x_wconf 66' lang='lat' dir='ltr'>sanctatis</span> <span class='ocrx_word' id='word_1_222' title='bbox 1018 2800 1145 2856; x_wconf 78' lang='lat' dir='ltr'>amicitia</span> <span class='ocrx_word' id='word_1_223' title='bbox 1162 2801 1212 2853; x_wconf 90' lang='lat' dir='ltr'>mit</span> <span class='ocrx_word' id='word_1_224' title='bbox 1225 2800 1296 2854; x_wconf 84' lang='lat' dir='ltr'>Hilfe</span> <span class='ocrx_word' id='word_1_225' title='bbox 1310 2800 1357 2854; x_wconf 90' lang='lat' dir='ltr'>der</span> 
     </span>
     <span class='ocr_line' id='line_1_25' title="bbox 126 2887 1355 2959; baseline -0.001 -15"><span class='ocrx_word' id='word_1_226' title='bbox 126 2891 224 2946; x_wconf 86' lang='lat' dir='ltr'>Phrase</span> <span class='ocrx_word' id='word_1_227' title='bbox 244 2893 349 2959; x_wconf 83' lang='lat' dir='ltr'>„etwas</span> <span class='ocrx_word' id='word_1_228' title='bbox 366 2907 495 2944; x_wconf 82' lang='lat' dir='ltr'>nuruum</span> <span class='ocrx_word' id='word_1_229' title='bbox 512 2890 643 2944; x_wconf 85' lang='lat' dir='ltr'>Vcrwand</span> <span class='ocrx_word' id='word_1_230' title='bbox 660 2890 793 2944; x_wconf 83' lang='lat' dir='ltr'>nahmen“</span> <span class='ocrx_word' id='word_1_231' title='bbox 813 2891 881 2944; x_wconf 89' lang='lat' dir='ltr'>nach</span> <span class='ocrx_word' id='word_1_232' title='bbox 899 2890 960 2944; x_wconf 87' lang='lat' dir='ltr'>Aul.</span> <span class='ocrx_word' id='word_1_233' title='bbox 979 2887 1024 2944; x_wconf 83' lang='lat' dir='ltr'>L⁸.</span> <span class='ocrx_word' id='word_1_234' title='bbox 1054 2919 1085 2928; x_wconf 89' lang='lat'>-</span> <span class='ocrx_word' id='word_1_235' title='bbox 1109 2889 1167 2956; x_wconf 74' lang='lat' dir='ltr'>aeci]</span> <span class='ocrx_word' id='word_1_236' title='bbox 1191 2905 1238 2942; x_wconf 83' lang='lat' dir='ltr'>vor</span> <span class='ocrx_word' id='word_1_237' title='bbox 1261 2888 1355 2957; x_wconf 59' lang='lat' dir='ltr'>eppei</span> 
     </span>
     <span class='ocr_line' id='line_1_26' title="bbox 126 2978 786 3036; baseline -0.005 0"><span class='ocrx_word' id='word_1_238' title='bbox 126 2982 219 3036; x_wconf 69' lang='lat' dir='ltr'>menda</span> <span class='ocrx_word' id='word_1_239' title='bbox 237 2981 309 3034; x_wconf 86' lang='lat' dir='ltr'>kann</span> <span class='ocrx_word' id='word_1_240' title='bbox 328 2979 384 3033; x_wconf 85' lang='lat' dir='ltr'>sich</span> <span class='ocrx_word' id='word_1_241' title='bbox 402 2979 477 3034; x_wconf 87' lang='lat' dir='ltr'>nicht</span> <span class='ocrx_word' id='word_1_242' title='bbox 495 2980 542 3033; x_wconf 85' lang='lat' dir='ltr'>auf</span> <span class='ocrx_word' id='word_1_243' title='bbox 557 2978 638 3034; x_wconf 77' lang='lat' dir='ltr'>Citsar</span> <span class='ocrx_word' id='word_1_244' title='bbox 655 2979 786 3033; x_wconf 85' lang='lat' dir='ltr'>beuiehen.</span> 
     </span>
    </p>

    <p class='ocr_par' dir='ltr' id='par_1_7' title="bbox 126 3063 1406 3228">
     <span class='ocr_line' id='line_1_27' title="bbox 199 3063 1356 3137; baseline -0.003 -14"><span class='ocrx_word' id='word_1_245' title='bbox 199 3082 243 3124; x_wconf 75' lang='grc' dir='ltr'>ιι.</span> <span class='ocrx_word' id='word_1_246' title='bbox 262 3085 320 3123; x_wconf 75' lang='lat' dir='ltr'>ecee</span> <span class='ocrx_word' id='word_1_247' title='bbox 333 3085 389 3137; x_wconf 70' lang='lat' dir='ltr'>pro</span> <span class='ocrx_word' id='word_1_248' title='bbox 407 3069 508 3136; x_wconf 78' lang='lat' dir='ltr'>emico,</span> <span class='ocrx_word' id='word_1_249' title='bbox 527 3069 576 3124; x_wconf 79' lang='lat' dir='ltr'>sed</span> <span class='ocrx_word' id='word_1_250' title='bbox 592 3068 678 3135; x_wconf 79' lang='lat' dir='ltr'>teste]</span> <span class='ocrx_word' id='word_1_251' title='bbox 701 3068 734 3121; x_wconf 90' lang='lat' dir='ltr'>In</span> <span class='ocrx_word' id='word_1_252' title='bbox 752 3067 799 3121; x_wconf 87' lang='lat' dir='ltr'>der</span> <span class='ocrx_word' id='word_1_253' title='bbox 816 3067 898 3136; x_wconf 81' lang='lat' dir='ltr'>Regel</span> <span class='ocrx_word' id='word_1_254' title='bbox 916 3067 982 3121; x_wconf 86' lang='lat' dir='ltr'>wird</span> <span class='ocrx_word' id='word_1_255' title='bbox 1000 3065 1066 3120; x_wconf 89' lang='lat' dir='ltr'>auch</span> <span class='ocrx_word' id='word_1_256' title='bbox 1084 3066 1126 3120; x_wconf 88' lang='lat' dir='ltr'>bei</span> <span class='ocrx_word' id='word_1_257' title='bbox 1145 3083 1173 3120; x_wconf 88' lang='lat' dir='ltr'>sc</span> <span class='ocrx_word' id='word_1_258' title='bbox 1191 3066 1288 3119; x_wconf 85' lang='lat' dir='ltr'>kurzen</span> <span class='ocrx_word' id='word_1_259' title='bbox 1308 3063 1356 3120; x_wconf 86' lang='lat' dir='ltr'>Ge·</span> 
     </span>
     <span class='ocr_line' id='line_1_28' title="bbox 126 3152 1406 3228; baseline -0.005 -14"><span class='ocrx_word' id='word_1_260' title='bbox 126 3161 271 3226; x_wconf 72' lang='lat' dir='ltr'>geresam</span> <span class='ocrx_word' id='word_1_261' title='bbox 288 3157 330 3211; x_wconf 89' lang='lat' dir='ltr'>die</span> <span class='ocrx_word' id='word_1_262' title='bbox 348 3158 513 3228; x_wconf 79' lang='lat' dir='ltr'>Prdpositicn</span> <span class='ocrx_word' id='word_1_263' title='bbox 531 3157 693 3211; x_wconf 79' lang='lat' dir='ltr'>wiederhclt</span> <span class='ocrx_word' id='word_1_264' title='bbox 1405 3152 1406 3155; x_wconf 67' lang='grc'>’</span> 
     </span>
    </p>

    <p class='ocr_par' dir='ltr' id='par_1_8' title="bbox 127 3243 1358 3760">
     <span class='ocr_line' id='line_1_29' title="bbox 201 3243 1356 3315; baseline -0.002 -15"><span class='ocrx_word' id='word_1_265' title='bbox 201 3259 243 3302; x_wconf 87' lang='lat'>12.</span> <span class='ocrx_word' id='word_1_266' title='bbox 269 3247 342 3315; x_wconf 76' lang='lat' dir='ltr'>qued</span> <span class='ocrx_word' id='word_1_267' title='bbox 364 3247 390 3302; x_wconf 77' lang='lat' dir='ltr'>et</span> <span class='ocrx_word' id='word_1_268' title='bbox 414 3263 475 3300; x_wconf 78' lang='lat' dir='ltr'>ema</span> <span class='ocrx_word' id='word_1_269' title='bbox 498 3245 682 3313; x_wconf 75' lang='lat' dir='ltr'>interfecerit]</span> <span class='ocrx_word' id='word_1_270' title='bbox 706 3246 757 3300; x_wconf 86' lang='lat' dir='ltr'>Die</span> <span class='ocrx_word' id='word_1_271' title='bbox 782 3245 827 3301; x_wconf 88' lang='lat' dir='ltr'>Or.</span> <span class='ocrx_word' id='word_1_272' title='bbox 852 3247 925 3300; x_wconf 84' lang='lat' dir='ltr'>recta</span> <span class='ocrx_word' id='word_1_273' title='bbox 948 3245 1049 3298; x_wconf 79' lang='lat' dir='ltr'>lactet:</span> <span class='ocrx_word' id='word_1_274' title='bbox 1073 3243 1149 3312; x_wconf 70' lang='lat' dir='ltr'>qued</span> <span class='ocrx_word' id='word_1_275' title='bbox 1172 3243 1197 3298; x_wconf 79' lang='lat' dir='ltr'>si</span> <span class='ocrx_word' id='word_1_276' title='bbox 1221 3247 1246 3297; x_wconf 85' lang='lat' dir='ltr'>te</span> <span class='ocrx_word' id='word_1_277' title='bbox 1270 3243 1356 3298; x_wconf 68' lang='lat' dir='ltr'>eaer-</span> 
     </span>
     <span class='ocr_line' id='line_1_30' title="bbox 127 3331 1357 3405; baseline -0.003 -17"><span class='ocrx_word' id='word_1_278' title='bbox 127 3335 225 3400; x_wconf 78' lang='lat' dir='ltr'>seeero.</span> <span class='ocrx_word' id='word_1_279' title='bbox 245 3365 280 3374; x_wconf 95' lang='lat'>—</span> <span class='ocrx_word' id='word_1_280' title='bbox 292 3335 474 3405; x_wconf 57' lang='lat' dir='ltr'>praetatus</span> <span class='ocrx_word' id='word_1_281' title='bbox 541 3341 654 3404; x_wconf 68' lang='lat' dir='ltr'>eretum</span> <span class='ocrx_word' id='word_1_282' title='bbox 672 3334 774 3404; x_wconf 79' lang='lat' dir='ltr'>secere]</span> <span class='ocrx_word' id='word_1_283' title='bbox 794 3335 866 3403; x_wconf 87' lang='lat' dir='ltr'>„den</span> <span class='ocrx_word' id='word_1_284' title='bbox 880 3334 964 3388; x_wconf 81' lang='lat' dir='ltr'>Edlen</span> <span class='ocrx_word' id='word_1_285' title='bbox 982 3333 1057 3387; x_wconf 88' lang='lat' dir='ltr'>einen</span> <span class='ocrx_word' id='word_1_286' title='bbox 1071 3331 1190 3388; x_wconf 79' lang='lat' dir='ltr'>Gefailen</span> <span class='ocrx_word' id='word_1_287' title='bbox 1209 3332 1307 3386; x_wconf 88' lang='lat' dir='ltr'>thun“.</span> <span class='ocrx_word' id='word_1_288' title='bbox 1322 3361 1357 3371; x_wconf 88' lang='lat'><em>-</em></span> 
     </span>
     <span class='ocr_line' id='line_1_31' title="bbox 127 3421 1357 3494; baseline -0.002 -17"><span class='ocrx_word' id='word_1_289' title='bbox 127 3424 238 3492; x_wconf 73' lang='lat' dir='ltr'>neatis]</span> <span class='ocrx_word' id='word_1_290' title='bbox 264 3423 456 3492; x_wconf 83' lang='lat' dir='ltr'>,‚Sendlinge“.</span> <span class='ocrx_word' id='word_1_291' title='bbox 480 3455 513 3464; x_wconf 93' lang='lat'><em>-</em></span> <span class='ocrx_word' id='word_1_292' title='bbox 537 3430 703 3494; x_wconf 71' lang='lat' dir='ltr'>conspertum</span> <span class='ocrx_word' id='word_1_293' title='bbox 721 3423 830 3491; x_wconf 78' lang='lat' dir='ltr'>tabere]</span> <span class='ocrx_word' id='word_1_294' title='bbox 857 3422 908 3491; x_wconf 84' lang='lat' dir='ltr'><strong>vgl.</strong></span> <span class='ocrx_word' id='word_1_295' title='bbox 927 3422 993 3492; x_wconf 90' lang='lat' dir='ltr'>Kap.</span> <span class='ocrx_word' id='word_1_296' title='bbox 1013 3422 1056 3486; x_wconf 81' lang='lat'>15,</span> <span class='ocrx_word' id='word_1_297' title='bbox 1076 3423 1092 3476; x_wconf 92' lang='lat'>1</span> <span class='ocrx_word' id='word_1_298' title='bbox 1117 3439 1150 3476; x_wconf 88' lang='lat' dir='ltr'>zu</span> <span class='ocrx_word' id='word_1_299' title='bbox 1168 3425 1290 3476; x_wconf 77' lang='lat' dir='ltr'>coactum</span> <span class='ocrx_word' id='word_1_300' title='bbox 1307 3421 1357 3474; x_wconf 79' lang='lat' dir='ltr'>te-</span> 
     </span>
     <span class='ocr_line' id='line_1_32' title="bbox 129 3510 1357 3581; baseline -0.002 -15"><span class='ocrx_word' id='word_1_301' title='bbox 129 3514 194 3568; x_wconf 78' lang='lat' dir='ltr'>dere.</span> <span class='ocrx_word' id='word_1_302' title='bbox 220 3542 257 3551; x_wconf 97' lang='lat'>—</span> <span class='ocrx_word' id='word_1_303' title='bbox 281 3513 409 3581; x_wconf 66' lang='lat' dir='ltr'>numme]</span> <span class='ocrx_word' id='word_1_304' title='bbox 433 3513 537 3567; x_wconf 88' lang='lat' dir='ltr'>bezieht</span> <span class='ocrx_word' id='word_1_305' title='bbox 555 3513 610 3567; x_wconf 87' lang='lat' dir='ltr'>sich</span> <span class='ocrx_word' id='word_1_306' title='bbox 629 3513 748 3568; x_wconf 81' lang='lat' dir='ltr'>woreut?</span> <span class='ocrx_word' id='word_1_307' title='bbox 785 3511 850 3567; x_wconf 89' lang='lat' dir='ltr'>Gieb</span> <span class='ocrx_word' id='word_1_308' title='bbox 870 3513 920 3566; x_wconf 88' lang='lat' dir='ltr'>den</span> <span class='ocrx_word' id='word_1_309' title='bbox 938 3511 1065 3566; x_wconf 87' lang='lat' dir='ltr'>relativen</span> <span class='ocrx_word' id='word_1_310' title='bbox 1083 3510 1226 3565; x_wconf 83' lang='lat' dir='ltr'>Auschluss</span> <span class='ocrx_word' id='word_1_311' title='bbox 1245 3511 1302 3564; x_wconf 79' lang='lat' dir='ltr'>auf!</span> <span class='ocrx_word' id='word_1_312' title='bbox 1323 3539 1357 3548; x_wconf 86' lang='lat'>-</span> 
     </span>
     <span class='ocr_line' id='line_1_33' title="bbox 128 3599 1358 3671; baseline -0.005 -13"><span class='ocrx_word' id='word_1_313' title='bbox 128 3601 208 3671; x_wconf 82' lang='lat' dir='ltr'>mere]</span> <span class='ocrx_word' id='word_1_314' title='bbox 233 3601 344 3656; x_wconf 83' lang='lat' dir='ltr'>vertritt</span> <span class='ocrx_word' id='word_1_315' title='bbox 361 3601 418 3655; x_wconf 88' lang='lat' dir='ltr'>hier</span> <span class='ocrx_word' id='word_1_316' title='bbox 436 3602 483 3655; x_wconf 90' lang='lat' dir='ltr'>das</span> <span class='ocrx_word' id='word_1_317' title='bbox 503 3601 658 3656; x_wconf 86' lang='lat' dir='ltr'>Substantiv</span> <span class='ocrx_word' id='word_1_318' title='bbox 677 3620 709 3656; x_wconf 84' lang='lat' dir='ltr'>au</span> <span class='ocrx_word' id='word_1_319' title='bbox 726 3602 891 3670; x_wconf 59' lang='lat' dir='ltr'>teterrimum</span> <span class='ocrx_word' id='word_1_320' title='bbox 916 3601 1051 3654; x_wconf 83' lang='lat' dir='ltr'>dbersetze</span> <span class='ocrx_word' id='word_1_321' title='bbox 1069 3617 1098 3654; x_wconf 86' lang='lat' dir='ltr'>es</span> <span class='ocrx_word' id='word_1_322' title='bbox 1116 3600 1199 3654; x_wconf 84' lang='lat' dir='ltr'>durch</span> <span class='ocrx_word' id='word_1_323' title='bbox 1217 3599 1292 3652; x_wconf 88' lang='lat' dir='ltr'>einen</span> <span class='ocrx_word' id='word_1_324' title='bbox 1309 3599 1358 3652; x_wconf 91' lang='lat' dir='ltr'>Be·</span> 
     </span>
     <span class='ocr_line' id='line_1_34' title="bbox 130 3681 459 3760; baseline -0.003 -16"><span class='ocrx_word' id='word_1_325' title='bbox 130 3690 333 3760; x_wconf 81' lang='lat' dir='ltr'>dinguugssatn!</span> <span class='ocrx_word' id='word_1_326' title='bbox 418 3681 420 3687; x_wconf 74' lang='grc'><strong>’</strong></span> <span class='ocrx_word' id='word_1_327' title='bbox 454 3687 459 3697; x_wconf 86' lang='grc'><strong><em>’</em></strong></span> 
     </span>
    </p>

    <p class='ocr_par' dir='ltr' id='par_1_9' title="bbox 131 3777 1359 4203">
     <span class='ocr_line' id='line_1_35' title="bbox 203 3777 1359 3848; baseline -0.002 -16"><span class='ocrx_word' id='word_1_328' title='bbox 203 3792 244 3834; x_wconf 72' lang='lat'>1³.</span> <span class='ocrx_word' id='word_1_329' title='bbox 269 3778 445 3847; x_wconf 66' lang='lat' dir='ltr'>discemeset]</span> <span class='ocrx_word' id='word_1_330' title='bbox 468 3779 555 3832; x_wconf 86' lang='lat' dir='ltr'>lautet</span> <span class='ocrx_word' id='word_1_331' title='bbox 578 3779 606 3832; x_wconf 87' lang='lat' dir='ltr'>in</span> <span class='ocrx_word' id='word_1_332' title='bbox 630 3778 675 3834; x_wconf 86' lang='lat' dir='ltr'>Or.</span> <span class='ocrx_word' id='word_1_333' title='bbox 694 3781 767 3833; x_wconf 85' lang='lat' dir='ltr'>recta</span> <span class='ocrx_word' id='word_1_334' title='bbox 791 3779 953 3834; x_wconf 67' lang='lat' dir='ltr'>dieeemre&#39;e.</span> <span class='ocrx_word' id='word_1_335' title='bbox 978 3809 1012 3818; x_wconf 89' lang='lat'>—</span> <span class='ocrx_word' id='word_1_336' title='bbox 1034 3794 1135 3848; x_wconf 68' lang='lat' dir='ltr'>meyero</span> <span class='ocrx_word' id='word_1_337' title='bbox 1156 3777 1282 3847; x_wconf 71' lang='lat' dir='ltr'>praemio</span> <span class='ocrx_word' id='word_1_338' title='bbox 1307 3777 1359 3830; x_wconf 69' lang='lat' dir='ltr'>alt</span> 
     </span>
     <span class='ocr_line' id='line_1_36' title="bbox 131 3865 1357 3937; baseline -0.002 -14"><span class='ocrx_word' id='word_1_339' title='bbox 131 3885 207 3937; x_wconf 72' lang='lat' dir='ltr'>quem</span> <span class='ocrx_word' id='word_1_340' title='bbox 229 3867 413 3936; x_wconf 71' lang='lat' dir='ltr'>remunerata]</span> <span class='ocrx_word' id='word_1_341' title='bbox 439 3867 521 3936; x_wconf 86' lang='lat' dir='ltr'>„jem</span> <span class='ocrx_word' id='word_1_342' title='bbox 546 3870 626 3922; x_wconf 83' lang='lat' dir='ltr'>etwas</span> <span class='ocrx_word' id='word_1_343' title='bbox 650 3867 775 3921; x_wconf 86' lang='lat' dir='ltr'>reichlich</span> <span class='ocrx_word' id='word_1_344' title='bbox 799 3867 966 3936; x_wconf 82' lang='lat' dir='ltr'>vergelten“.</span> <span class='ocrx_word' id='word_1_345' title='bbox 991 3897 1026 3905; x_wconf 92' lang='lat'><em>-</em></span> <span class='ocrx_word' id='word_1_346' title='bbox 1049 3867 1148 3921; x_wconf 80' lang='lat' dir='ltr'>bellem</span> <span class='ocrx_word' id='word_1_347' title='bbox 1169 3881 1262 3935; x_wconf 65' lang='lat' dir='ltr'>cerere</span> <span class='ocrx_word' id='word_1_348' title='bbox 1286 3865 1357 3933; x_wconf 86' lang='lat' dir='ltr'>eolo]</span> 
     </span>
     <span class='ocr_line' id='line_1_37' title="bbox 132 3954 1358 4026; baseline -0.002 -16"><span class='ocrx_word' id='word_1_349' title='bbox 132 3957 194 4022; x_wconf 88' lang='lat' dir='ltr'>„ich</span> <span class='ocrx_word' id='word_1_350' title='bbox 211 3957 259 4011; x_wconf 91' lang='lat' dir='ltr'>bin</span> <span class='ocrx_word' id='word_1_351' title='bbox 276 3957 384 4026; x_wconf 81' lang='lat' dir='ltr'>geneigt</span> <span class='ocrx_word' id='word_1_352' title='bbox 401 3956 477 4010; x_wconf 89' lang='lat' dir='ltr'>einen</span> <span class='ocrx_word' id='word_1_353' title='bbox 495 3955 577 4025; x_wconf 83' lang='lat' dir='ltr'>Krieg</span> <span class='ocrx_word' id='word_1_354' title='bbox 595 3973 627 4010; x_wconf 83' lang='lat' dir='ltr'>nu</span> <span class='ocrx_word' id='word_1_355' title='bbox 644 3956 773 4023; x_wconf 82' lang='lat' dir='ltr'>fiihren“;</span> <span class='ocrx_word' id='word_1_356' title='bbox 800 3958 898 4012; x_wconf 79' lang='lat' dir='ltr'>bellem</span> <span class='ocrx_word' id='word_1_357' title='bbox 914 3956 974 4026; x_wconf 66' lang='lat' dir='ltr'>yesi</span> <span class='ocrx_word' id='word_1_358' title='bbox 992 3957 1054 4010; x_wconf 85' lang='lat' dir='ltr'>eolo</span> <span class='ocrx_word' id='word_1_359' title='bbox 1073 3955 1136 4023; x_wconf 85' lang='lat' dir='ltr'>„ich</span> <span class='ocrx_word' id='word_1_360' title='bbox 1153 3955 1220 4022; x_wconf 82' lang='lat' dir='ltr'>will,</span> <span class='ocrx_word' id='word_1_361' title='bbox 1239 3954 1298 4008; x_wconf 79' lang='lat' dir='ltr'>dass</span> <span class='ocrx_word' id='word_1_362' title='bbox 1316 3954 1358 4008; x_wconf 90' lang='lat' dir='ltr'>ein</span> 
     </span>
     <span class='ocr_line' id='line_1_38' title="bbox 131 4043 1358 4114; baseline -0.002 -15"><span class='ocrx_word' id='word_1_363' title='bbox 131 4043 211 4114; x_wconf 80' lang='lat' dir='ltr'>Krieg</span> <span class='ocrx_word' id='word_1_364' title='bbox 227 4045 336 4114; x_wconf 81' lang='lat' dir='ltr'>geffihrt</span> <span class='ocrx_word' id='word_1_365' title='bbox 353 4045 446 4112; x_wconf 85' lang='lat' dir='ltr'>werde,</span> <span class='ocrx_word' id='word_1_366' title='bbox 465 4045 519 4098; x_wconf 86' lang='lat' dir='ltr'>will</span> <span class='ocrx_word' id='word_1_367' title='bbox 536 4045 583 4098; x_wconf 90' lang='lat' dir='ltr'>ihu</span> <span class='ocrx_word' id='word_1_368' title='bbox 600 4045 708 4113; x_wconf 82' lang='lat' dir='ltr'>gefiihrt</span> <span class='ocrx_word' id='word_1_369' title='bbox 724 4045 810 4098; x_wconf 88' lang='lat' dir='ltr'>haben</span> <span class='ocrx_word' id='word_1_370' title='bbox 816 4046 841 4098; x_wconf 86' lang='lat'>“.</span> <span class='ocrx_word' id='word_1_371' title='bbox 868 4074 901 4084; x_wconf 97' lang='lat'>—</span> <span class='ocrx_word' id='word_1_372' title='bbox 926 4045 986 4100; x_wconf 77' lang='lat' dir='ltr'>stne</span> <span class='ocrx_word' id='word_1_373' title='bbox 1004 4045 1063 4098; x_wconf 77' lang='lat' dir='ltr'>elle</span> <span class='ocrx_word' id='word_1_374' title='bbox 1081 4049 1128 4099; x_wconf 80' lang='lat' dir='ltr'>teo</span> <span class='ocrx_word' id='word_1_375' title='bbox 1147 4043 1249 4110; x_wconf 81' lang='lat' dir='ltr'>latore]</span> <span class='ocrx_word' id='word_1_376' title='bbox 1270 4044 1358 4111; x_wconf 91' lang='lat' dir='ltr'>„chne</span> 
     </span>
     <span class='ocr_line' id='line_1_39' title="bbox 132 4132 1117 4203; baseline -0.002 -15"><span class='ocrx_word' id='word_1_377' title='bbox 132 4133 180 4188; x_wconf 81' lang='lat' dir='ltr'>alle</span> <span class='ocrx_word' id='word_1_378' title='bbox 197 4133 389 4201; x_wconf 83' lang='lat' dir='ltr'>Bemdhnngen</span> <span class='ocrx_word' id='word_1_379' title='bbox 407 4132 593 4187; x_wconf 86' lang='lat' dir='ltr'>deinerseits“.</span> <span class='ocrx_word' id='word_1_380' title='bbox 614 4134 764 4188; x_wconf 77' lang='lat' dir='ltr'>-belhem</span> <span class='ocrx_word' id='word_1_381' title='bbox 783 4134 925 4201; x_wconf 76' lang='lat' dir='ltr'>conficere]</span> <span class='ocrx_word' id='word_1_382' title='bbox 944 4133 1010 4203; x_wconf 85' lang='lat' dir='ltr'>Kap.</span> <span class='ocrx_word' id='word_1_383' title='bbox 1029 4134 1072 4200; x_wconf 86' lang='lat'>30,</span> <span class='ocrx_word' id='word_1_384' title='bbox 1093 4133 1117 4186; x_wconf 91' lang='lat'>1.</span> 
     </span>
    </p>

    <p class='ocr_par' dir='ltr' id='par_1_10' title="bbox 132 4220 1358 4380">
     <span class='ocr_line' id='line_1_40' title="bbox 199 4220 1358 4291; baseline -0.003 -14"><span class='ocrx_word' id='word_1_385' title='bbox 199 4222 280 4290; x_wconf 79' lang='lat' dir='ltr'>Kap.</span> <span class='ocrx_word' id='word_1_386' title='bbox 300 4220 351 4279; x_wconf 75' lang='lat'>45.</span> <span class='ocrx_word' id='word_1_387' title='bbox 392 4233 414 4275; x_wconf 88' lang='lat'>1.</span> <span class='ocrx_word' id='word_1_388' title='bbox 433 4222 465 4276; x_wconf 76' lang='lat' dir='ltr'>ies</span> <span class='ocrx_word' id='word_1_389' title='bbox 483 4237 544 4276; x_wconf 81' lang='lat' dir='ltr'>eam</span> <span class='ocrx_word' id='word_1_390' title='bbox 556 4221 733 4291; x_wconf 76' lang='lat' dir='ltr'>sententiam]</span> <span class='ocrx_word' id='word_1_391' title='bbox 753 4222 822 4289; x_wconf 89' lang='lat' dir='ltr'>„des</span> <span class='ocrx_word' id='word_1_392' title='bbox 835 4221 949 4288; x_wconf 85' lang='lat' dir='ltr'>Inhalts,</span> <span class='ocrx_word' id='word_1_393' title='bbox 969 4221 1111 4276; x_wconf 81' lang='lat' dir='ltr'>dardber“.</span> <span class='ocrx_word' id='word_1_394' title='bbox 1132 4249 1165 4258; x_wconf 95' lang='lat'><em>-</em></span> <span class='ocrx_word' id='word_1_395' title='bbox 1184 4221 1295 4290; x_wconf 62' lang='lat' dir='ltr'>negotio</span> <span class='ocrx_word' id='word_1_396' title='bbox 1313 4220 1358 4275; x_wconf 83' lang='lat' dir='ltr'>de-</span> 
     </span>
     <span class='ocr_line' id='line_1_41' title="bbox 132 4309 1322 4380; baseline -0.003 -14"><span class='ocrx_word' id='word_1_397' title='bbox 132 4312 234 4380; x_wconf 79' lang='lat' dir='ltr'>sistere]</span> <span class='ocrx_word' id='word_1_398' title='bbox 255 4311 335 4379; x_wconf 87' lang='lat' dir='ltr'>„eine</span> <span class='ocrx_word' id='word_1_399' title='bbox 348 4309 431 4364; x_wconf 84' lang='lat' dir='ltr'>Saehe</span> <span class='ocrx_word' id='word_1_400' title='bbox 444 4311 523 4364; x_wconf 77' lang='lat' dir='ltr'>fallen</span> <span class='ocrx_word' id='word_1_401' title='bbox 537 4311 655 4366; x_wconf 87' lang='lat' dir='ltr'>lassen“.</span> <span class='ocrx_word' id='word_1_402' title='bbox 670 4342 703 4350; x_wconf 94' lang='lat'>—-</span> <span class='ocrx_word' id='word_1_403' title='bbox 722 4311 862 4380; x_wconf 77' lang='lat' dir='ltr'>iudicare]</span> <span class='ocrx_word' id='word_1_404' title='bbox 883 4311 950 4378; x_wconf 90' lang='lat' dir='ltr'>„der</span> <span class='ocrx_word' id='word_1_405' title='bbox 961 4310 1087 4379; x_wconf 86' lang='lat' dir='ltr'>Meinung</span> <span class='ocrx_word' id='word_1_406' title='bbox 1101 4309 1165 4376; x_wconf 89' lang='lat' dir='ltr'>sein,</span> <span class='ocrx_word' id='word_1_407' title='bbox 1179 4309 1322 4377; x_wconf 83' lang='lat' dir='ltr'>glauben“.</span> 
     </span>
    </p>
   </div>
   <div class='ocr_carea' id='block_1_4' title="bbox 0 0 1606 4922">
    <p class='ocr_par' dir='ltr' id='par_1_11' title="bbox 0 0 1606 4922">
     <span class='ocr_line' id='line_1_42' title="bbox 0 0 1606 4922; baseline 0 0"><span class='ocrx_word' id='word_1_408' title='bbox 0 0 1606 4922; x_wconf 95' lang='lat' dir='ltr'> </span> 
     </span>
    </p>
   </div>
  </div>
 </body>
</html>
