3136 4928
525 335 622 390 Comm.
641 335 700 404 VH,
719 353 741 391 c.
762 337 875 392 75-77.
1261 335 1317 396 3θῦ

80 496 164 562 001.
187 497 268 561 haec
291 497 324 561 in
347 496 555 561 Haeduorum
577 496 694 561 finibus
721 499 986 572 recensebantur,
1015 517 1231 579 numerusque
1255 499 1315 562 ini-

79 605 195 682 batur,
231 604 385 688 praelecti
414 604 698 668 constituebantur.
744 604 888 671 Commio
917 605 1080 682 Atrebati,
1111 589 1314 670 Viridomaro

81 713 115 776 et
139 711 346 794 Eporedorigi
367 709 520 788 Haeduis,
544 710 840 777 Vercassivellauno
856 713 1007 788 Arverno,
1030 712 1216 776 consobrino
1232 712 1313 777 Ver·

81 819 303 900 cingetorigis,
333 836 461 882 summa
490 818 615 900 imperii
645 818 791 882 traditur.
837 818 897 882 His
927 817 1042 884 delecti
1065 837 1104 882 er
1127 819 1338 884 civitatibuse

82 925 322 1002 attribuuntur,
362 944 497 1006 quorum
536 925 665 990 oonsilio
703 926 823 990 bellum
861 925 1147 992 administraretur.
1194 925 1339 992 Omnese

82 1033 205 1096 alacres
239 1033 272 1096 et
301 1031 435 1096 fiduciae
465 1033 551 1115 pleni
582 1032 622 1096 ad
645 1032 786 1096 Alesiam
814 1032 1072 1114 proficiscuntur,
1106 1052 1209 1115 neque
1245 1037 1314 1098 erat

82 1139 228 1203 omnium
252 1139 436 1230 quisquam,
460 1139 515 1220 qui
538 1141 705 1222 aspectum
727 1140 821 1204 modo
844 1142 954 1214 tantae
978 1139 1194 1204 multitudinis
1218 1141 1314 1205 susti-

80 1245 152 1309 neri
175 1264 270 1327 posse
287 1245 504 1323 arbitraretur,
527 1247 723 1328 praesertim¹
739 1247 869 1329 ancipiti
891 1247 1019 1329 proelio,
1044 1265 1117 1311 oum
1140 1266 1177 1311 ex
1201 1247 1313 1330 oppido

83 1352 250 1434 eruptione
273 1354 487 1434 pugnaretur,
516 1351 591 1416 ioris
619 1354 729 1416 tantae
761 1353 868 1435 copiae
901 1353 1063 1434 equitatus
1086 1353 1313 1436 peditatusque

84 1461 301 1524 cernerentur.

173 1567 218 1630 At
246 1567 285 1643 ii,
314 1566 369 1648 qui
390 1564 515 1630 Alesiae
547 1565 787 1642 obsidebantur,
817 1565 990 1648 praeterita
1014 1565 1079 1642 die,
1110 1584 1173 1647 qua
1197 1566 1364 1631 auxiliati

84 1691 218 1740 suorum
241 1674 515 1756 exspectaverant,
546 1673 733 1755 consumpto
757 1673 843 1736 omui
865 1672 1027 1736 frumento
1049 1671 1156 1748 inscii,
1181 1672 1257 1753 quid
1279 1673 1312 1736 in

64 1779 230 1844 ,Haeduis
258 1781 436 1861 gereretur,
471 1779 600 1844 concilio
630 1779 738 1843 coacto
767 1778 805 1842 de
836 1778 922 1843 exitu
952 1797 1085 1843 suarum
1113 1778 1314 1844 fortunarum

84 1887 320 1951 consultabant.
350 1889 397 1950 Ac
415 1886 511 1950 variis
534 1885 629 1950 dietis
653 1884 830 1963 sententiis,
855 1904 991 1967 quarum
1013 1903 1089 1968 pars
1112 1885 1339 1963 deditionem,²

83 2012 176 2076 pars,
207 1992 284 2057 dum
307 1994 390 2058 vires
414 1995 634 2075 suppeterent,
664 1992 863 2075 eruptionem
887 1992 1052 2066 censebat,
1080 2011 1143 2056 non
1172 1993 1315 2075 praeter-

84 2100 192 2164 eunda
223 2093 324 2164 oratio
348 2099 525 2182 Critognati
547 2099 674 2164 videtur
696 2101 827 2183 propter
850 2100 918 2164 eius
942 2099 1137 2181 singularem
1165 2101 1196 2163 et
1226 2099 1315 2164 nefa-

83 2207 168 2272 riam
192 2205 423 2282 crudelitatem.
460 2206 522 2270 Hic
545 2225 670 2270 summo
692 2206 726 2270 iu
741 2206 892 2271 Arvernis
918 2207 1007 2270 ortus
1031 2207 1099 2270 looo
1123 2207 1156 2270 et
1178 2223 1340 2288 magnaeo

55 2371 57 2376 .
83 2312 216 2378 babitus
234 2313 442 2391 auctoritatis,
465 2313 608 2390 „Nibil“,
630 2313 744 2395 inquit,
767 2313 830 2391 „de
854 2331 964 2378 eorum
988 2313 1147 2377 sententia
1170 2312 1314 2377 dicturus

49 2475 52 2482 .
85 2439 174 2497 sum,
211 2419 266 2502 qui
299 2420 520 2504 turpissimam
554 2420 741 2485 servitutem
776 2419 943 2486 deditionis
977 2419 1104 2484 nomine
1135 2419 1314 2502 appellant3

83 2545 190 2608 neque
220 2527 278 2590 hos
307 2527 468 2592 habendos
499 2527 616 2608 civium
638 2527 706 2591 loco
729 2545 833 2608 neque
857 2526 897 2590 ad
921 2525 1089 2590 concilium
1120 2525 1314 2591 adhibendos

85 2651 208 2698 censeo.
255 2631 336 2699 Cum
358 2634 408 2698 his
431 2635 511 2700 mibi
534 2653 584 2698 res
608 2635 666 2710 sit,
696 2633 752 2715 qui
775 2633 973 2716 eruptionem
995 2633 1147 2716 probant;
1179 2649 1337 2714 quorums

83 2741 118 2804 in
142 2740 273 2804 consilio
303 2742 445 2806 omnium
475 2743 619 2806 vestrum
649 2758 805 2805 consensu
834 2739 986 2823 pristinae
1016 2739 1154 2804 residere
1185 2739 1314 2804 virtutis

84 2847 242 2912 memoria
265 2846 399 2912 videtur.
443 2848 550 2912 Animi
574 2850 623 2912 est
646 2848 709 2912 ista
734 2847 885 2924 mollitia,
915 2865 978 2910 non
1008 2847 1123 2923 virtus,
1152 2845 1339 2929 paulispers

161 3127 247 3169 1-1.
275 3113 418 3182 reseram]
447 3113 514 3166 auch
543 3115 618 3167 ronst
644 3129 694 3166 von
721 3111 918 3180 Musteruugeu.
952 3139 986 3150 -
1018 3109 1127 3176 delecti]
1157 3110 1221 3178 „ein
1249 3110 1316 3164 Aus-

86 3202 220 3258 schluls“.
245 3232 279 3241 -
303 3204 426 3272 ancipiti
447 3201 566 3272 proelio]
591 3201 640 3254 Die
665 3199 803 3270 folgenden
821 3200 913 3254 Worte
937 3199 1118 3253 umschreiben
1143 3198 1193 3252 den
1217 3199 1317 3268 Begriff

86 3291 318 3362 Doppelschlaeht.

159 3379 238 3448 Kap.
260 3381 307 3435 ll.
347 3392 402 3434 ru.
424 3391 447 3434 2.
473 3385 504 3434 at
527 3379 563 3448 ia',
588 3378 767 3448 quinariae
789 3377 996 3446 acuebantur]
1022 3377 1094 3431 110111
1117 3376 1145 3430 in
1169 3374 1244 3430 einen
1269 3376 1315 3430 der

86 3469 226 3538 folgenden
243 3468 415 3525 Nebansatze.
440 3497 474 3507 -
498 3469 615 3536 11111111]
639 3467 814 3536 „unbekannt
831 3467 882 3521 mit
900 3467 968 3522 ...“.
994 3495 1028 3505 —-
1053 3480 1159 3520 censere
1177 3465 1237 3534 ald]
1261 3483 1315 3532 „zu

86 3561 170 3613 etwas
194 3558 301 3612 rateu“.
326 3588 360 3598 -
382 3557 548 3628 praeterire]
573 3556 752 3625 „unerwthut
775 3556 893 3610 111101“.
930 3554 979 3608 Bei
1001 3555 1048 3608 der
1065 3544 1247 3622 Ubersetzung
1269 3554 1315 3607 des

87 3645 236 3702 Geruudivs
255 3646 337 3700 durch
355 3647 396 3701 ein
414 3646 540 3716 Adjelrtir
562 3647 612 3700 mit
635 3646 751 3714 ‚‚-bar,
777 3644 897 3698 -wert“
921 3643 1043 3711 bsacbte,
1069 3641 1128 3696 dass
1150 3643 1212 3698 zuei
1230 3642 1315 3712 Nega.

86 3737 178 3791 tionem
197 3735 253 3789 sich
271 3736 410 3791 aufbebeu.
771 3723 774 3730 ¹

162 3838 186 3880 a.
211 3825 245 3879 ia
266 3824 411 3893 Aruernis]
434 3823 513 3878 Diese
531 3823 674 3880 rtumliche
691 3821 874 3890 Bestimmung
897 3839 929 3876 au
952 3822 1010 3876 loco
1032 3819 1195 3874 verwandeln
1217 3819 1265 3872 wir
1287 3819 1315 3873 in

86 3914 145 3968 elue
162 3913 320 3984 Apposition
338 3929 397 3967 zum
415 3912 534 3982 Subjekt.
558 3941 592 3951 -
616 3927 703 3981 aeque
781 3910 877 3980 aequa]
901 3910 979 3979 giebt'
994 3909 1035 3963 die
1054 3907 1161 3963 Griiudc
1183 3925 1230 3975 au,
1253 3925 1315 3962 wes-

86 4003 150 4057 bslb
169 4019 198 4056 er
217 4019 249 4056 zu
265 4001 342 4071 jeueu
360 4017 409 4071 gar
426 4001 501 4056 nieht
518 4001 599 4056 reden
616 4001 679 4056 will.
710 3999 776 4053 Dals
794 4015 823 4054 er
841 3999 879 4052 111
892 3998 967 4052 nicht
981 4015 1027 4052 aur
1040 3997 1315 4067 Yolksramammluug

86 4093 209 4148 zulassen
227 4092 293 4160 will,
310 4091 349 4146 ist
365 4092 422 4146 ciue
440 4091 587 4146 natiirliche
605 4089 685 4158 Folge
703 4089 799 4156 daron,
821 4087 881 4142 dale
898 4103 927 4142 er
945 4087 982 4141 sie
1000 4086 1077 4141 nicht
1094 4085 1134 4139 als
1152 4085 1253 4154 Biirger
1271 4101 1315 4140 au·

85 4182 200 4252 geseben
218 4181 312 4235 wissen
330 4181 391 4236 will.

159 4283 173 4324 1
191 4288 215 4325 u.
233 4283 255 4325 a.
274 4270 432 4338 1011111111]
451 4269 534 4324 heilst
551 4269 619 4323 anah
637 4269 679 4323 die
692 4257 951 4334 Ubareiustimmung
968 4264 1005 4320 im
1018 4264 1113 4318 Urteil.
1133 4293 1166 4302 -
1185 4263 1315 4318 1111101111

85 4359 199 4428 residet]
221 4376 270 4427 „as
287 4359 336 4414 hat
354 4359 410 4414 sich
427 4358 495 4438 noch
512 4359 569 4414 eine
587 4357 656 4429 Spar
673 4356 823 4412 erhaltan“.
847 4381 881 4393 -
906 4354 996 4410 calmi
1013 4353 1144 4422 mollitia]
1167 4351 1314 4415 Denselben
