3136 4928
237 375 293 438 846
730 378 769 432 De
786 377 856 432 bello
874 375 974 432 Gallico

239 542 391 606 testatem
414 541 555 605 venisset
576 539 749 623 Epasnacti
770 539 907 604 Arverni
930 538 1051 622 (crebro
1081 538 1166 603 enim
1195 536 1360 602 mutandis
1392 536 1471 601 loeis

239 647 415 712 multorum
437 647 511 712 fidei
534 665 568 711 so
591 646 826 723 committebat,
851 645 936 728 quod
957 663 1119 727 nusquam
1142 643 1263 709 diutius
1287 644 1356 708 sine
1386 643 1471 727 peri·

239 754 310 819 culo
334 755 588 819 commoraturus
610 754 791 830 videbatur,
814 772 887 817 eum
911 753 972 817 sibi
994 751 1139 816 conscius
1163 753 1262 830 esset,
1287 769 1388 833 quarn
1409 751 1472 814 ini·

238 860 358 924 micum
393 859 522 924 deberet
556 858 725 925 Gaesarem
759 858 904 943 habere),
938 860 1024 924 hune
1058 859 1257 942 Epasnactus
1292 861 1471 936 Arvernus,

239 966 451 1032 amicissimus
474 966 583 1050 populi
597 966 741 1042 Romani,
765 966 833 1030 sine
857 965 1052 1030 dubitatione
1075 965 1143 1030 ulla
1162 965 1306 1030 vinctum
1331 965 1372 1030 ad
1389 964 1473 1030 Cae·

239 1091 344 1138 saram
367 1072 506 1138 deduxit.

183 1185 227 1248 45
327 1177 507 1246 Labienus
529 1179 659 1244 interim
680 1179 714 1243 in
735 1179 879 1244 lbcveris
904 1180 1051 1261 equestre
1074 1179 1230 1261 proelium
1253 1177 1333 1243 facit
1356 1197 1473 1244 seeun-

239 1287 316 1352 dum
339 1286 618 1370 compluribusque
641 1286 786 1351 Treverm
808 1285 985 1351 interiectis
1009 1288 1042 1350 et
1065 1284 1249 1362 Germanis,
1280 1286 1338 1366 qui
1368 1286 1470 1350 nullis

238 1393 391 1459 adversus
414 1393 573 1458 Romanos
598 1393 715 1458 auxilia
738 1393 953 1476 denegabant,
983 1393 1140 1476 principes
1165 1411 1275 1457 eorum
1297 1392 1388 1458 viros
1417 1411 1472 1456 re·

213 1499 489 1582 adigitinmsuam
511 1519 551 1584 po
552 1502 704 1565 testatem
727 1501 881 1581 atquem
909 1498 960 1564 his
985 1499 1104 1564 Surum
1127 1498 1316 1576 Haeduum,
1348 1499 1473 1581 quiet

237 1606 366 1672 virtutis
402 1609 435 1672 et
469 1607 593 1689 generis
629 1625 789 1671 summam
826 1606 1027 1671 nobilitatem
1063 1606 1203 1670 habebat
1188 1606 1396 1688 stolnsque
1430 1624 1471 1670 ex

237 1711 380 1778 Haeduis
404 1713 445 1778 ad
468 1713 500 1777 id
524 1714 650 1796 tompus
673 1714 894 1796 permanserat
915 1712 949 1776 in
972 1711 1079 1776 armis.

184 1825 229 1886 46
327 1820 374 1884 lla
396 1838 430 1884 re
454 1819 581 1902 cognita
596 1819 723 1898 Caesar,
747 1839 820 1884 eum
843 1819 877 1884 in
900 1820 1046 1884 omuibus
1069 1819 1214 1902 partibus
1239 1818 1366 1884 Galliae
1389 1821 1471 1884 bene

237 1945 289 1991 ras
320 1926 387 2008 geri
415 1926 539 1992 aderet
571 1927 789 2009 iudicaretque
825 1926 1039 2010 superioribus
1074 1926 1204 1990 aestivis
1235 1924 1381 1992 Galliam
1417 1926 1471 1990 de-

238 2032 356 2096 rictam
380 2033 609 2116 subactamque
634 2052 711 2111 esse,
734 2033 942 2115 Aquitaniam
964 2051 1143 2116 numquam
1167 2033 1235 2115 ipse
1252 2032 1387 2110 adisset,
1412 2033 1469 2098 sed

237 2157 295 2222 por
316 2138 468 2203 Publium
491 2138 643 2205 Crassum
667 2139 805 2222 quadam
834 2158 871 2204 er
900 2142 991 2224 parte
1021 2139 1204 2217 caucasea,
1234 2157 1310 2204 curn
1341 2140 1472 2204 duabus

238 2245 415 2327 legionibus
438 2246 472 2309 in
494 2249 713 2330 campartem
736 2245 859 2312 Galliae
883 2249 934 2311 est
955 2245 1130 2330 profectus,
1159 2248 1197 2310 ut
1219 2247 1264 2310 ibi
1287 2249 1471 2312 extremum

213 2355 366 2435 stempas
390 2355 590 2418 consumeret
613 2354 814 2418 aestivorum.
857 2351 962 2431 Quam
983 2372 1052 2418 rem
1075 2353 1171 2418 sicuti
1194 2356 1300 2419 catera
1323 2354 1472 2419 celeriter
1560 2426 1561 2449 χ

239 2459 435 2542 feliciterque
459 2459 600 2525 confecit.
645 2460 793 2542 Namque
818 2479 927 2525 omnes
950 2460 1142 2542 Aquitaniae
1165 2461 1312 2525 civitates
1344 2461 1472 2544 legatos

214 2567 279 2632 aad
309 2566 480 2633 Caesarem
514 2567 672 2632 miserunt
706 2567 894 2649 obsidesque
929 2567 959 2632 ei
993 2567 1158 2632 dederunt.
1210 2566 1336 2646 Quibus
1371 2571 1472 2634 rebus

239 2675 337 2756 gestis
360 2675 427 2757 ipso
451 2674 597 2757 equiturn
619 2674 775 2757 praesidio
800 2674 982 2739 Narbonem
1010 2673 1172 2758 profectus
1197 2677 1261 2752 est,
1292 2676 1472 2740 exercitum
1559 2751 1560 2767 ξ

212 2799 294 2864 aper
317 2782 439 2864 legatos
462 2781 495 2843 iu
518 2781 650 2845 hiberna
674 2780 821 2845 deduxit:
847 2783 1000 2863 quattuor
1023 2781 1164 2862 legiones
1187 2781 1221 2845 in
1235 2781 1349 2864 Belgio
1374 2783 1472 2847 eollo·

239 2889 323 2952 cavit
346 2907 419 2952 eum
442 2887 485 2952 M.
507 2887 644 2952 Antonio
669 2889 701 2951 et
724 2886 758 2952 C.
781 2888 934 2962 Trebonio
957 2890 990 2952 et
1011 2887 1046 2952 P.
1069 2887 1200 2952 Vatinio
1230 2889 1364 2970 legatis,
1387 2889 1471 2954 duas

238 2994 378 3077 legiones
401 2995 435 3058 in
449 2993 599 3059 Haeduos
620 2994 759 3073 deduxit,
783 3014 919 3076 quorum
937 2995 972 3058 in
993 2995 1078 3059 omni
1095 2993 1201 3060 Gallia
1217 3014 1380 3060 summam
1397 3015 1471 3061 esse
1558 3041 1559 3087 ι

239 3101 463 3166 auctoritatem
486 3101 620 3180 sciebat,
644 3101 723 3166 duas
751 3103 785 3166 in
808 3102 942 3166 Turonis
972 3101 1012 3165 ad
1039 3101 1119 3166 fines
1143 3101 1323 3168 Camutum
1351 3103 1472 3186 posuit,

238 3403 290 3456 aul.
309 3432 344 3442 -
363 3403 394 3456 ia
408 3407 574 3471 potestatem
592 3402 697 3470 uenire]
717 3402 766 3470 „in
780 3402 821 3456 dio
834 3401 929 3456 Ha'ude
942 3403 1052 3459 fallent
1071 3429 1106 3441 —-
1125 3403 1269 3459 inimicum
1288 3404 1344 3458 alm
1358 3403 1472 3473 babere]

238 3489 306 3544 Wen
323 3491 366 3544 ich
383 3491 424 3545 als
441 3489 523 3546 Peind
541 3491 616 3559 habe,
634 3491 693 3545 dem
711 3491 757 3546 bin
775 3491 818 3545 ich
836 3490 961 3546 rerhasst.

765 3669 823 3752 lll.
844 3669 932 3752 Tell.

648 3775 649 3786 ’
712 3797 812 3859 rrap.
836 3797 993 3849 «rs-40.

309 3915 388 3984 Kap.
407 3917 471 3974 dbs
498 3930 521 3974 ι.
543 3921 653 3989 panerio
674 3936 806 3975 mmmom
828 3919 1004 3976 nobilitatem
1027 3921 1156 3990 babebat]
1180 3921 1235 3975 Der
1258 3919 1372 3976 Genetiv
1396 3923 1473 3991 giobt

238 4019 280 4072 an,
300 4021 441 4075 wesuegen
460 4024 488 4061 er
506 4009 613 4062 weitbin
631 4009 749 4064 bekannt
767 4026 828 4076 war,
847 4009 921 4064 einen
939 4009 1045 4078 grossen
1063 4010 1119 4064 Rus
1132 4010 1233 4080 genoso.

309 4129 390 4198 Kap.
409 4129 461 4186 dc.
503 4145 523 4186 1.
546 4133 611 4187 boote
628 4149 672 4188 ree
687 4133 759 4202 qen]
782 4133 821 4187 ist
841 4133 899 4187 bier
916 4134 992 4188 nieht
1008 4149 1068 4189 vom
1087 4135 1197 4206 Kample
1215 4153 1247 4190 au
1265 4137 1415 4192 verstehen.
1435 4165 1470 4178 -

239 4218 355 4286 malea]
380 4220 407 4283 1)
425 4218 627 4290 Sommorlagor,
652 4223 680 4288 2)
698 4221 825 4291 Feldrug,
850 4223 878 4288 3)
896 4221 1020 4279 Summer.
1049 4251 1083 4264 -
1111 4224 1259 4292 muas]
1285 4225 1404 4282 Bencbte
1429 4227 1471 4280 dio

237 4305 403 4377 Prtposition
411 4309 421 4362 l
437 4327 471 4348 -’
491 4325 551 4365 eum
564 4351 571 4364 .
582 4351 605 4365 ..
620 4309 723 4366 videret
738 4351 787 4378 ...,
806 4311 993 4381 Aquitaniam
1010 4329 1163 4382 mmm
1180 4314 1296 4383 edissa]
1314 4315 1376 4370 Wir
1387 4315 1470 4386 geben

237 4394 288 4450 don
305 4395 501 4452 Parnllelismus
519 4398 566 4453 dor
584 4396 690 4454 Glioder
708 4399 790 4454 durch
809 4401 974 4468 „wt'hrond“
993 4402 1096 4458 wieder.
