<?xml version="1.0" encoding="UTF-8"?>
<!DOCTYPE html PUBLIC "-//W3C//DTD XHTML 1.0 Transitional//EN"
    "http://www.w3.org/TR/xhtml1/DTD/xhtml1-transitional.dtd">
<html xmlns="http://www.w3.org/1999/xhtml" xml:lang="en" lang="en">
 <head>
  <title>
</title>
<meta http-equiv="Content-Type" content="text/html;charset=utf-8" />
  <meta name='ocr-system' content='tesseract 3.04.00' />
  <meta name='ocr-capabilities' content='ocr_page ocr_carea ocr_par ocr_line ocrx_word'/>
</head>
<body>
  <div class='ocr_page' id='page_1' title='image "./ciuliicaesarisc01menggoog/ciuliicaesarisc01menggoog_0357.png"; bbox 0 0 3136 4928; ppageno 0'>
   <div class='ocr_carea' id='block_1_1' title="bbox 250 375 990 438">
    <p class='ocr_par' dir='ltr' id='par_1_1' title="bbox 250 375 990 438">
     <span class='ocr_line' id='line_1_1' title="bbox 250 375 990 438; baseline -0.008 0"><span class='ocrx_word' id='word_1_1' title='bbox 250 375 305 438; x_wconf 76' lang='lat'>332</span> <span class='ocrx_word' id='word_1_2' title='bbox 745 378 785 432; x_wconf 91' lang='lat' dir='ltr'>De</span> <span class='ocrx_word' id='word_1_3' title='bbox 803 378 872 432; x_wconf 88' lang='lat' dir='ltr'>bello</span> <span class='ocrx_word' id='word_1_4' title='bbox 890 375 990 433; x_wconf 82' lang='lat' dir='ltr'>Gelbes</span> 
     </span>
    </p>
   </div>
   <div class='ocr_carea' id='block_1_2' title="bbox 194 519 1483 3076">
    <p class='ocr_par' dir='ltr' id='par_1_2' title="bbox 194 519 1483 3076">
     <span class='ocr_line' id='line_1_2' title="bbox 250 519 1479 624; baseline -0.004 -17"><span class='ocrx_word' id='word_1_5' title='bbox 250 543 360 607; x_wconf 90' lang='lat' dir='ltr'>abesse</span> <span class='ocrx_word' id='word_1_6' title='bbox 383 519 457 624; x_wconf 87' lang='lat' dir='ltr'>plus</span> <span class='ocrx_word' id='word_1_7' title='bbox 480 541 587 605; x_wconf 91' lang='lat' dir='ltr'>minus</span> <span class='ocrx_word' id='word_1_8' title='bbox 611 541 681 605; x_wconf 91' lang='lat' dir='ltr'>octo</span> <span class='ocrx_word' id='word_1_9' title='bbox 704 540 834 604; x_wconf 91' lang='lat' dir='ltr'>milibus</span> <span class='ocrx_word' id='word_1_10' title='bbox 864 539 1065 617; x_wconf 74' lang='lat' dir='ltr'>dicebantur,</span> <span class='ocrx_word' id='word_1_11' title='bbox 1095 539 1228 604; x_wconf 90' lang='lat' dir='ltr'>tametsi</span> <span class='ocrx_word' id='word_1_12' title='bbox 1256 539 1395 604; x_wconf 86' lang='lat' dir='ltr'>flumine</span> <span class='ocrx_word' id='word_1_13' title='bbox 1422 539 1479 602; x_wconf 90' lang='lat' dir='ltr'>im-</span> 
     </span>
     <span class='ocr_line' id='line_1_3' title="bbox 249 645 1476 732; baseline -0.005 -19"><span class='ocrx_word' id='word_1_14' title='bbox 249 647 393 732; x_wconf 91' lang='lat' dir='ltr'>peditum</span> <span class='ocrx_word' id='word_1_15' title='bbox 416 648 591 712; x_wconf 81' lang='lat' dir='ltr'><strong>transitum</strong></span> <span class='ocrx_word' id='word_1_16' title='bbox 613 646 757 723; x_wconf 84' lang='lat' dir='ltr'>ridebat,</span> <span class='ocrx_word' id='word_1_17' title='bbox 787 648 897 710; x_wconf 89' lang='lat' dir='ltr'>tamen</span> <span class='ocrx_word' id='word_1_18' title='bbox 920 647 1060 710; x_wconf 84' lang='lat' dir='ltr'>exercitu</span> <span class='ocrx_word' id='word_1_19' title='bbox 1090 645 1239 710; x_wconf 88' lang='lat' dir='ltr'>traducto</span> <span class='ocrx_word' id='word_1_20' title='bbox 1269 645 1476 729; x_wconf 79' lang='lat' dir='ltr'>progreditur.</span> 
     </span>
     <span class='ocr_line' id='line_1_4' title="bbox 225 751 1478 836; baseline -0.002 -19"><span class='ocrx_word' id='word_1_21' title='bbox 225 756 293 820; x_wconf 83' lang='lat' dir='ltr'>rllt</span> <span class='ocrx_word' id='word_1_22' title='bbox 315 754 474 819; x_wconf 87' lang='lat' dir='ltr'>Bellovaci</span> <span class='ocrx_word' id='word_1_23' title='bbox 497 755 702 836; x_wconf 77' lang='lat' dir='ltr'>reliquaeque</span> <span class='ocrx_word' id='word_1_24' title='bbox 725 753 871 818; x_wconf 81' lang='lat' dir='ltr'>civitates</span> <span class='ocrx_word' id='word_1_25' title='bbox 902 753 1032 836; x_wconf 90' lang='lat' dir='ltr'>repente</span> <span class='ocrx_word' id='word_1_26' title='bbox 1063 770 1101 816; x_wconf 88' lang='lat' dir='ltr'>er</span> <span class='ocrx_word' id='word_1_27' title='bbox 1130 751 1208 833; x_wconf 85' lang='lat' dir='ltr'>fuga</span> <span class='ocrx_word' id='word_1_28' title='bbox 1237 753 1352 835; x_wconf 78' lang='lat' dir='ltr'>paucis</span> <span class='ocrx_word' id='word_1_29' title='bbox 1386 753 1478 833; x_wconf 91' lang='lat' dir='ltr'>atque</span> 
     </span>
     <span class='ocr_line' id='line_1_5' title="bbox 250 858 1479 943; baseline -0.003 -18"><span class='ocrx_word' id='word_1_30' title='bbox 250 862 300 926; x_wconf 89' lang='lat' dir='ltr'>his</span> <span class='ocrx_word' id='word_1_31' title='bbox 323 861 499 925; x_wconf 82' lang='lat' dir='ltr'>vulneratis</span> <span class='ocrx_word' id='word_1_32' title='bbox 521 861 667 943; x_wconf 74' lang='lat' dir='ltr'>receptis,</span> <span class='ocrx_word' id='word_1_33' title='bbox 692 860 747 942; x_wconf 90' lang='lat' dir='ltr'>qui</span> <span class='ocrx_word' id='word_1_34' title='bbox 770 860 924 924; x_wconf 84' lang='lat' dir='ltr'>silvarum</span> <span class='ocrx_word' id='word_1_35' title='bbox 947 858 1097 923; x_wconf 88' lang='lat' dir='ltr'>beneficio</span> <span class='ocrx_word' id='word_1_36' title='bbox 1128 877 1240 923; x_wconf 88' lang='lat' dir='ltr'>casum</span> <span class='ocrx_word' id='word_1_37' title='bbox 1271 858 1479 933; x_wconf 77' lang='lat' dir='ltr'>evitaverunt,</span> 
     </span>
     <span class='ocr_line' id='line_1_6' title="bbox 250 964 1479 1049; baseline -0.003 -17"><span class='ocrx_word' id='word_1_38' title='bbox 250 968 377 1049; x_wconf 88' lang='lat' dir='ltr'>cognita</span> <span class='ocrx_word' id='word_1_39' title='bbox 406 967 605 1046; x_wconf 72' lang='lat' dir='ltr'>calamitate,</span> <span class='ocrx_word' id='word_1_40' title='bbox 634 967 779 1031; x_wconf 88' lang='lat' dir='ltr'>omnibus</span> <span class='ocrx_word' id='word_1_41' title='bbox 810 965 967 1042; x_wconf 85' lang='lat' dir='ltr'>adversis,</span> <span class='ocrx_word' id='word_1_42' title='bbox 995 964 1165 1030; x_wconf 88' lang='lat' dir='ltr'>interfecto</span> <span class='ocrx_word' id='word_1_43' title='bbox 1194 964 1330 1042; x_wconf 80' lang='lat' dir='ltr'>Correo,</span> <span class='ocrx_word' id='word_1_44' title='bbox 1367 965 1479 1029; x_wconf 88' lang='lat' dir='ltr'>amisso</span> 
     </span>
     <span class='ocr_line' id='line_1_7' title="bbox 250 1070 1481 1156; baseline -0.003 -18"><span class='ocrx_word' id='word_1_45' title='bbox 250 1075 399 1156; x_wconf 91' lang='lat' dir='ltr'>equitatu</span> <span class='ocrx_word' id='word_1_46' title='bbox 422 1075 454 1138; x_wconf 91' lang='lat' dir='ltr'>et</span> <span class='ocrx_word' id='word_1_47' title='bbox 477 1073 658 1138; x_wconf 85' lang='lat' dir='ltr'>fortissimis</span> <span class='ocrx_word' id='word_1_48' title='bbox 681 1073 858 1156; x_wconf 88' lang='lat' dir='ltr'>peditibus,</span> <span class='ocrx_word' id='word_1_49' title='bbox 885 1091 959 1137; x_wconf 91' lang='lat' dir='ltr'>oum</span> <span class='ocrx_word' id='word_1_50' title='bbox 984 1070 1158 1136; x_wconf 85' lang='lat' dir='ltr'>adventare</span> <span class='ocrx_word' id='word_1_51' title='bbox 1181 1071 1346 1135; x_wconf 89' lang='lat' dir='ltr'>Romanos</span> <span class='ocrx_word' id='word_1_52' title='bbox 1378 1071 1481 1134; x_wconf 83' lang='lat' dir='ltr'>eristi-</span> 
     </span>
     <span class='ocr_line' id='line_1_8' title="bbox 249 1177 1480 1263; baseline -0.002 -18"><span class='ocrx_word' id='word_1_53' title='bbox 249 1183 390 1255; x_wconf 92' lang='lat' dir='ltr'>marent,</span> <span class='ocrx_word' id='word_1_54' title='bbox 420 1181 549 1245; x_wconf 86' lang='lat' dir='ltr'>concilio</span> <span class='ocrx_word' id='word_1_55' title='bbox 585 1182 715 1263; x_wconf 90' lang='lat' dir='ltr'>repente</span> <span class='ocrx_word' id='word_1_56' title='bbox 750 1182 848 1244; x_wconf 88' lang='lat' dir='ltr'>cantu</span> <span class='ocrx_word' id='word_1_57' title='bbox 882 1181 1034 1244; x_wconf 89' lang='lat' dir='ltr'>tubarum</span> <span class='ocrx_word' id='word_1_58' title='bbox 1070 1180 1240 1243; x_wconf 86' lang='lat' dir='ltr'>convocato</span> <span class='ocrx_word' id='word_1_59' title='bbox 1271 1177 1480 1253; x_wconf 81' lang='lat' dir='ltr'>conclamant</span> 
     </span>
     <span class='ocr_line' id='line_1_9' title="bbox 249 1285 1024 1369; baseline -0.004 -18"><span class='ocrx_word' id='word_1_60' title='bbox 249 1287 348 1369; x_wconf 80' lang='lat' dir='ltr'>legati</span> <span class='ocrx_word' id='word_1_61' title='bbox 371 1287 559 1368; x_wconf 86' lang='lat' dir='ltr'>obsidesque</span> <span class='ocrx_word' id='word_1_62' title='bbox 583 1286 624 1352; x_wconf 88' lang='lat' dir='ltr'>ad</span> <span class='ocrx_word' id='word_1_63' title='bbox 649 1285 820 1352; x_wconf 80' lang='lat' dir='ltr'>Caesarem</span> <span class='ocrx_word' id='word_1_64' title='bbox 842 1287 1024 1350; x_wconf 90' lang='lat' dir='ltr'>mittantur.</span> 
     </span>
     <span class='ocr_line' id='line_1_10' title="bbox 197 1391 1483 1477; baseline -0.005 -17"><span class='ocrx_word' id='word_1_65' title='bbox 197 1399 239 1460; x_wconf 98' lang='grc'>21</span> <span class='ocrx_word' id='word_1_66' title='bbox 338 1394 408 1458; x_wconf 93' lang='lat' dir='ltr'>Hoc</span> <span class='ocrx_word' id='word_1_67' title='bbox 431 1394 576 1459; x_wconf 92' lang='lat' dir='ltr'>omnibus</span> <span class='ocrx_word' id='word_1_68' title='bbox 606 1394 739 1477; x_wconf 90' lang='lat' dir='ltr'>probato</span> <span class='ocrx_word' id='word_1_69' title='bbox 762 1393 891 1458; x_wconf 90' lang='lat' dir='ltr'>oonsilio</span> <span class='ocrx_word' id='word_1_70' title='bbox 915 1392 1079 1459; x_wconf 81' lang='lat' dir='ltr'>Commius</span> <span class='ocrx_word' id='word_1_71' title='bbox 1103 1392 1239 1456; x_wconf 86' lang='lat' dir='ltr'>Atrebas</span> <span class='ocrx_word' id='word_1_72' title='bbox 1264 1391 1306 1455; x_wconf 90' lang='lat' dir='ltr'>ad</span> <span class='ocrx_word' id='word_1_73' title='bbox 1331 1411 1387 1456; x_wconf 91' lang='lat' dir='ltr'>eos</span> <span class='ocrx_word' id='word_1_74' title='bbox 1412 1411 1483 1457; x_wconf 91' lang='lat' dir='ltr'>cou-</span> 
     </span>
     <span class='ocr_line' id='line_1_11' title="bbox 250 1499 1482 1583; baseline -0.002 -19"><span class='ocrx_word' id='word_1_75' title='bbox 250 1500 334 1583; x_wconf 81' lang='lat' dir='ltr'>fugit</span> <span class='ocrx_word' id='word_1_76' title='bbox 357 1501 548 1578; x_wconf 84' lang='lat' dir='ltr'>Germanos,</span> <span class='ocrx_word' id='word_1_77' title='bbox 579 1501 737 1583; x_wconf 89' lang='lat' dir='ltr'>aquibus</span> <span class='ocrx_word' id='word_1_78' title='bbox 769 1500 810 1565; x_wconf 94' lang='lat' dir='ltr'>ad</span> <span class='ocrx_word' id='word_1_79' title='bbox 839 1499 871 1563; x_wconf 89' lang='lat' dir='ltr'>id</span> <span class='ocrx_word' id='word_1_80' title='bbox 901 1500 1022 1564; x_wconf 91' lang='lat' dir='ltr'>bellum</span> <span class='ocrx_word' id='word_1_81' title='bbox 1052 1499 1170 1564; x_wconf 80' lang='lat' dir='ltr'>auxilia</span> <span class='ocrx_word' id='word_1_82' title='bbox 1198 1500 1374 1563; x_wconf 88' lang='lat' dir='ltr'>mutuatus</span> <span class='ocrx_word' id='word_1_83' title='bbox 1406 1517 1424 1563; x_wconf 90' lang='lat' dir='ltr'>e</span> <span class='ocrx_word' id='word_1_84' title='bbox 1460 1501 1482 1562; x_wconf 90' lang='grc'>1.</span> 
     </span>
     <span class='ocr_line' id='line_1_12' title="bbox 225 1605 1482 1689; baseline -0.001 -19"><span class='ocrx_word' id='word_1_85' title='bbox 225 1606 356 1674; x_wconf 83' lang='lat' dir='ltr'>rCeteri</span> <span class='ocrx_word' id='word_1_86' title='bbox 379 1626 396 1672; x_wconf 90' lang='lat' dir='ltr'>a</span> <span class='ocrx_word' id='word_1_87' title='bbox 419 1607 553 1689; x_wconf 84' lang='lat' dir='ltr'>vestigio</span> <span class='ocrx_word' id='word_1_88' title='bbox 576 1607 712 1671; x_wconf 88' lang='lat' dir='ltr'>mittunt</span> <span class='ocrx_word' id='word_1_89' title='bbox 735 1605 776 1670; x_wconf 89' lang='lat' dir='ltr'>ad</span> <span class='ocrx_word' id='word_1_90' title='bbox 800 1605 970 1671; x_wconf 82' lang='lat' dir='ltr'>Gaesarem</span> <span class='ocrx_word' id='word_1_91' title='bbox 993 1606 1116 1687; x_wconf 87' lang='lat' dir='ltr'>legatos</span> <span class='ocrx_word' id='word_1_92' title='bbox 1146 1607 1346 1687; x_wconf 91' lang='lat' dir='ltr'>petuntque,</span> <span class='ocrx_word' id='word_1_93' title='bbox 1377 1607 1417 1669; x_wconf 87' lang='lat' dir='ltr'>ut</span> <span class='ocrx_word' id='word_1_94' title='bbox 1447 1624 1482 1669; x_wconf 88' lang='lat' dir='ltr'>ea</span> 
     </span>
     <span class='ocr_line' id='line_1_13' title="bbox 248 1711 1483 1797; baseline -0.002 -18"><span class='ocrx_word' id='word_1_95' title='bbox 248 1733 349 1797; x_wconf 88' lang='lat' dir='ltr'>poena</span> <span class='ocrx_word' id='word_1_96' title='bbox 372 1714 415 1779; x_wconf 88' lang='lat' dir='ltr'>sit</span> <span class='ocrx_word' id='word_1_97' title='bbox 437 1715 606 1779; x_wconf 88' lang='lat' dir='ltr'>contentus</span> <span class='ocrx_word' id='word_1_98' title='bbox 629 1713 779 1791; x_wconf 90' lang='lat' dir='ltr'>hostium,</span> <span class='ocrx_word' id='word_1_99' title='bbox 804 1713 951 1794; x_wconf 90' lang='lat' dir='ltr'>quamsi</span> <span class='ocrx_word' id='word_1_100' title='bbox 975 1711 1042 1776; x_wconf 91' lang='lat' dir='ltr'>sine</span> <span class='ocrx_word' id='word_1_101' title='bbox 1065 1711 1267 1776; x_wconf 86' lang='lat' dir='ltr'>dimicatione</span> <span class='ocrx_word' id='word_1_102' title='bbox 1291 1712 1415 1778; x_wconf 88' lang='lat' dir='ltr'>inferre</span> <span class='ocrx_word' id='word_1_103' title='bbox 1438 1714 1483 1776; x_wconf 93' lang='lat' dir='ltr'>in·</span> 
     </span>
     <span class='ocr_line' id='line_1_14' title="bbox 210 1819 1483 1914; baseline 0 -30"><span class='ocrx_word' id='word_1_104' title='bbox 210 1867 216 1914; x_wconf 61' lang='grc'>.</span> <span class='ocrx_word' id='word_1_105' title='bbox 249 1821 347 1902; x_wconf 85' lang='lat' dir='ltr'>tegris</span> <span class='ocrx_word' id='word_1_106' title='bbox 370 1823 486 1903; x_wconf 90' lang='lat' dir='ltr'>posset,</span> <span class='ocrx_word' id='word_1_107' title='bbox 509 1839 566 1902; x_wconf 93' lang='lat' dir='ltr'>pro</span> <span class='ocrx_word' id='word_1_108' title='bbox 590 1838 649 1884; x_wconf 91' lang='lat' dir='ltr'>sua</span> <span class='ocrx_word' id='word_1_109' title='bbox 665 1819 834 1884; x_wconf 89' lang='lat' dir='ltr'>clementia</span> <span class='ocrx_word' id='word_1_110' title='bbox 858 1820 954 1900; x_wconf 92' lang='lat' dir='ltr'>atque</span> <span class='ocrx_word' id='word_1_111' title='bbox 978 1819 1180 1883; x_wconf 85' lang='lat' dir='ltr'>humanitate</span> <span class='ocrx_word' id='word_1_112' title='bbox 1202 1837 1391 1900; x_wconf 88' lang='lat' dir='ltr'>numquam</span> <span class='ocrx_word' id='word_1_113' title='bbox 1413 1839 1483 1903; x_wconf 89' lang='lat' dir='ltr'>pro-</span> 
     </span>
     <span class='ocr_line' id='line_1_15' title="bbox 210 1915 1480 2008; baseline 0.001 -19"><span class='ocrx_word' id='word_1_114' title='bbox 210 1915 331 1990; x_wconf 66' lang='lat' dir='ltr'>terreto</span> <span class='ocrx_word' id='word_1_115' title='bbox 355 1928 441 1991; x_wconf 89' lang='lat' dir='ltr'>esset</span> <span class='ocrx_word' id='word_1_116' title='bbox 462 1926 631 1990; x_wconf 89' lang='lat' dir='ltr'>inlaturus.</span> <span class='ocrx_word' id='word_1_117' title='bbox 668 1925 814 1990; x_wconf 86' lang='lat' dir='ltr'>Afflictas</span> <span class='ocrx_word' id='word_1_118' title='bbox 838 1943 912 2008; x_wconf 91' lang='lat' dir='ltr'>opes</span> <span class='ocrx_word' id='word_1_119' title='bbox 937 1925 1078 2006; x_wconf 88' lang='lat' dir='ltr'>equestri</span> <span class='ocrx_word' id='word_1_120' title='bbox 1100 1925 1218 2007; x_wconf 90' lang='lat' dir='ltr'>proelio</span> <span class='ocrx_word' id='word_1_121' title='bbox 1234 1924 1480 1990; x_wconf 86' lang='lat' dir='ltr'>Bellovacorum</span> 
     </span>
     <span class='ocr_line' id='line_1_16' title="bbox 250 2031 1483 2115; baseline 0 -18"><span class='ocrx_word' id='word_1_122' title='bbox 250 2050 334 2107; x_wconf 83' lang='lat' dir='ltr'>esse3</span> <span class='ocrx_word' id='word_1_123' title='bbox 359 2032 558 2096; x_wconf 89' lang='lat' dir='ltr'>delectorum</span> <span class='ocrx_word' id='word_1_124' title='bbox 578 2031 723 2115; x_wconf 88' lang='lat' dir='ltr'>peditum</span> <span class='ocrx_word' id='word_1_125' title='bbox 737 2031 946 2095; x_wconf 90' lang='lat' dir='ltr'>multamilia</span> <span class='ocrx_word' id='word_1_126' title='bbox 961 2031 1119 2108; x_wconf 91' lang='lat' dir='ltr'>interisse,</span> <span class='ocrx_word' id='word_1_127' title='bbox 1141 2031 1194 2096; x_wconf 81' lang='lat' dir='ltr'>rix</span> <span class='ocrx_word' id='word_1_128' title='bbox 1214 2031 1378 2112; x_wconf 83' lang='lat' dir='ltr'>refugisse</span> <span class='ocrx_word' id='word_1_129' title='bbox 1402 2052 1483 2097; x_wconf 91' lang='lat' dir='ltr'>uun·</span> 
     </span>
     <span class='ocr_line' id='line_1_17' title="bbox 223 2137 1483 2221; baseline 0.005 -23"><span class='ocrx_word' id='word_1_130' title='bbox 223 2139 310 2203; x_wconf 79' lang='lat' dir='ltr'>rtios</span> <span class='ocrx_word' id='word_1_131' title='bbox 332 2137 445 2202; x_wconf 86' lang='lat' dir='ltr'>caedis.</span> <span class='ocrx_word' id='word_1_132' title='bbox 476 2139 598 2204; x_wconf 81' lang='lat' dir='ltr'>Tamen</span> <span class='ocrx_word' id='word_1_133' title='bbox 620 2157 774 2221; x_wconf 87' lang='lat' dir='ltr'>magnum</span> <span class='ocrx_word' id='word_1_134' title='bbox 797 2139 891 2202; x_wconf 92' lang='lat' dir='ltr'>utin</span> <span class='ocrx_word' id='word_1_135' title='bbox 914 2139 1007 2202; x_wconf 90' lang='lat' dir='ltr'>tanta</span> <span class='ocrx_word' id='word_1_136' title='bbox 1030 2138 1213 2202; x_wconf 85' lang='lat' dir='ltr'>calamitate</span> <span class='ocrx_word' id='word_1_137' title='bbox 1229 2137 1423 2204; x_wconf 88' lang='lat' dir='ltr'>Bellovacos</span> <span class='ocrx_word' id='word_1_138' title='bbox 1449 2157 1483 2204; x_wconf 89' lang='lat' dir='ltr'>eo</span> 
     </span>
     <span class='ocr_line' id='line_1_18' title="bbox 249 2243 1483 2328; baseline 0.001 -20"><span class='ocrx_word' id='word_1_139' title='bbox 249 2245 367 2328; x_wconf 90' lang='lat' dir='ltr'>proelio</span> <span class='ocrx_word' id='word_1_140' title='bbox 384 2244 586 2310; x_wconf 88' lang='lat' dir='ltr'>commodum</span> <span class='ocrx_word' id='word_1_141' title='bbox 602 2264 670 2310; x_wconf 87' lang='lat' dir='ltr'>esse</span> <span class='ocrx_word' id='word_1_142' title='bbox 688 2247 882 2322; x_wconf 89' lang='lat' dir='ltr'>consecutos,</span> <span class='ocrx_word' id='word_1_143' title='bbox 903 2244 989 2326; x_wconf 91' lang='lat' dir='ltr'>quod</span> <span class='ocrx_word' id='word_1_144' title='bbox 1004 2243 1150 2321; x_wconf 78' lang='lat' dir='ltr'>comeus,</span> <span class='ocrx_word' id='word_1_145' title='bbox 1174 2246 1285 2308; x_wconf 90' lang='lat' dir='ltr'>auctor</span> <span class='ocrx_word' id='word_1_146' title='bbox 1300 2245 1390 2323; x_wconf 90' lang='lat' dir='ltr'>belli,</span> <span class='ocrx_word' id='word_1_147' title='bbox 1412 2265 1483 2310; x_wconf 94' lang='lat' dir='ltr'>eon-</span> 
     </span>
     <span class='ocr_line' id='line_1_19' title="bbox 249 2350 1483 2432; baseline 0 -15"><span class='ocrx_word' id='word_1_148' title='bbox 249 2353 364 2417; x_wconf 89' lang='lat' dir='ltr'>citator</span> <span class='ocrx_word' id='word_1_149' title='bbox 386 2352 621 2429; x_wconf 90' lang='lat' dir='ltr'>multitudinis,</span> <span class='ocrx_word' id='word_1_150' title='bbox 644 2354 730 2417; x_wconf 89' lang='lat' dir='ltr'>esset</span> <span class='ocrx_word' id='word_1_151' title='bbox 752 2350 949 2416; x_wconf 85' lang='lat' dir='ltr'>interiectus.</span> <span class='ocrx_word' id='word_1_152' title='bbox 994 2350 1182 2432; x_wconf 89' lang='lat' dir='ltr'>Numquam</span> <span class='ocrx_word' id='word_1_153' title='bbox 1210 2351 1299 2415; x_wconf 87' lang='lat' dir='ltr'>onim</span> <span class='ocrx_word' id='word_1_154' title='bbox 1329 2355 1483 2417; x_wconf 86' lang='lat' dir='ltr'>senatum</span> 
     </span>
     <span class='ocr_line' id='line_1_20' title="bbox 248 2457 1482 2541; baseline -0.002 -17"><span class='ocrx_word' id='word_1_155' title='bbox 248 2461 376 2524; x_wconf 89' lang='lat' dir='ltr'>tantum</span> <span class='ocrx_word' id='word_1_156' title='bbox 400 2459 433 2522; x_wconf 90' lang='lat' dir='ltr'>in</span> <span class='ocrx_word' id='word_1_157' title='bbox 457 2459 586 2524; x_wconf 83' lang='lat' dir='ltr'>civitate</span> <span class='ocrx_word' id='word_1_158' title='bbox 608 2458 664 2523; x_wconf 92' lang='lat' dir='ltr'>illo</span> <span class='ocrx_word' id='word_1_159' title='bbox 686 2459 766 2536; x_wconf 87' lang='lat' dir='ltr'>rivo,</span> <span class='ocrx_word' id='word_1_160' title='bbox 791 2460 948 2540; x_wconf 90' lang='lat' dir='ltr'>quantum</span> <span class='ocrx_word' id='word_1_161' title='bbox 971 2458 1154 2540; x_wconf 90' lang='lat' dir='ltr'>imperitam</span> <span class='ocrx_word' id='word_1_162' title='bbox 1176 2457 1303 2540; x_wconf 90' lang='lat' dir='ltr'>plebem</span> <span class='ocrx_word' id='word_1_163' title='bbox 1326 2461 1482 2541; x_wconf 89' lang='lat' dir='ltr'>potuisse.</span> 
     </span>
     <span class='ocr_line' id='line_1_21' title="bbox 194 2563 1482 2649; baseline 0.001 -19"><span class='ocrx_word' id='word_1_164' title='bbox 194 2569 237 2631; x_wconf 89' lang='grc'>22</span> <span class='ocrx_word' id='word_1_165' title='bbox 336 2566 425 2630; x_wconf 88' lang='lat' dir='ltr'>Haeo</span> <span class='ocrx_word' id='word_1_166' title='bbox 448 2566 611 2631; x_wconf 89' lang='lat' dir='ltr'>orantibus</span> <span class='ocrx_word' id='word_1_167' title='bbox 633 2565 749 2647; x_wconf 82' lang='lat' dir='ltr'>legatis</span> <span class='ocrx_word' id='word_1_168' title='bbox 773 2567 1001 2630; x_wconf 90' lang='lat' dir='ltr'>commemorat</span> <span class='ocrx_word' id='word_1_169' title='bbox 1025 2563 1159 2630; x_wconf 81' lang='lat' dir='ltr'>Caesar:</span> <span class='ocrx_word' id='word_1_170' title='bbox 1190 2564 1313 2628; x_wconf 81' lang='lat' dir='ltr'>Eodem</span> <span class='ocrx_word' id='word_1_171' title='bbox 1336 2568 1482 2649; x_wconf 90' lang='lat' dir='ltr'>tempore</span> 
     </span>
     <span class='ocr_line' id='line_1_22' title="bbox 249 2671 1481 2757; baseline 0 -20"><span class='ocrx_word' id='word_1_172' title='bbox 249 2674 408 2757; x_wconf 87' lang='lat' dir='ltr'>superiore</span> <span class='ocrx_word' id='word_1_173' title='bbox 438 2691 520 2737; x_wconf 91' lang='lat' dir='ltr'>anno</span> <span class='ocrx_word' id='word_1_174' title='bbox 542 2672 728 2737; x_wconf 85' lang='lat' dir='ltr'>Bellovacos</span> <span class='ocrx_word' id='word_1_175' title='bbox 758 2673 943 2753; x_wconf 89' lang='lat' dir='ltr'>ceterasque</span> <span class='ocrx_word' id='word_1_176' title='bbox 967 2671 1091 2736; x_wconf 81' lang='lat' dir='ltr'>Galliae</span> <span class='ocrx_word' id='word_1_177' title='bbox 1121 2671 1267 2736; x_wconf 88' lang='lat' dir='ltr'>civitates</span> <span class='ocrx_word' id='word_1_178' title='bbox 1300 2673 1481 2756; x_wconf 90' lang='lat' dir='ltr'>suscepisse</span> 
     </span>
     <span class='ocr_line' id='line_1_23' title="bbox 248 2778 1482 2863; baseline -0.002 -17"><span class='ocrx_word' id='word_1_179' title='bbox 248 2781 384 2855; x_wconf 89' lang='lat' dir='ltr'>bellum;</span> <span class='ocrx_word' id='word_1_180' title='bbox 415 2779 682 2863; x_wconf 55' lang='lat' dir='ltr'>pertinacissime*</span> <span class='ocrx_word' id='word_1_181' title='bbox 697 2778 755 2842; x_wconf 91' lang='lat' dir='ltr'>hos</span> <span class='ocrx_word' id='word_1_182' title='bbox 786 2796 824 2842; x_wconf 88' lang='lat' dir='ltr'>er</span> <span class='ocrx_word' id='word_1_183' title='bbox 846 2779 992 2843; x_wconf 90' lang='lat' dir='ltr'>omnibus</span> <span class='ocrx_word' id='word_1_184' title='bbox 1015 2778 1049 2841; x_wconf 91' lang='lat' dir='ltr'>in</span> <span class='ocrx_word' id='word_1_185' title='bbox 1072 2778 1232 2842; x_wconf 87' lang='lat' dir='ltr'>sententia</span> <span class='ocrx_word' id='word_1_186' title='bbox 1261 2779 1482 2860; x_wconf 88' lang='lat' dir='ltr'>permansisse</span> 
     </span>
     <span class='ocr_line' id='line_1_24' title="bbox 223 2882 1481 2968; baseline 0.003 -22"><span class='ocrx_word' id='word_1_187' title='bbox 223 2904 350 2968; x_wconf 80' lang='lat' dir='ltr'>sueque</span> <span class='ocrx_word' id='word_1_188' title='bbox 381 2886 422 2950; x_wconf 93' lang='lat' dir='ltr'>ad</span> <span class='ocrx_word' id='word_1_189' title='bbox 453 2887 626 2950; x_wconf 88' lang='lat' dir='ltr'>sanitatem</span> <span class='ocrx_word' id='word_1_190' title='bbox 654 2885 850 2966; x_wconf 88' lang='lat' dir='ltr'>reliquorum</span> <span class='ocrx_word' id='word_1_191' title='bbox 880 2883 1038 2949; x_wconf 91' lang='lat' dir='ltr'>deditione</span> <span class='ocrx_word' id='word_1_192' title='bbox 1062 2903 1132 2948; x_wconf 91' lang='lat' dir='ltr'>esse</span> <span class='ocrx_word' id='word_1_193' title='bbox 1161 2882 1344 2967; x_wconf 88' lang='lat' dir='ltr'>perductos.</span> <span class='ocrx_word' id='word_1_194' title='bbox 1393 2885 1481 2950; x_wconf 85' lang='lat' dir='ltr'>Scire</span> 
     </span>
     <span class='ocr_line' id='line_1_25' title="bbox 248 2990 1481 3076; baseline -0.002 -18"><span class='ocrx_word' id='word_1_195' title='bbox 248 2996 344 3076; x_wconf 91' lang='lat' dir='ltr'>atque</span> <span class='ocrx_word' id='word_1_196' title='bbox 374 2993 558 3074; x_wconf 83' lang='lat' dir='ltr'>intellegere</span> <span class='ocrx_word' id='word_1_197' title='bbox 590 3011 623 3056; x_wconf 93' lang='lat' dir='ltr'>se</span> <span class='ocrx_word' id='word_1_198' title='bbox 654 3009 785 3056; x_wconf 89' lang='lat' dir='ltr'>causam</span> <span class='ocrx_word' id='word_1_199' title='bbox 818 2991 940 3074; x_wconf 89' lang='lat' dir='ltr'>peceati</span> <span class='ocrx_word' id='word_1_200' title='bbox 974 2990 1123 3055; x_wconf 77' lang='lat' dir='ltr'>facillime</span> <span class='ocrx_word' id='word_1_201' title='bbox 1158 2991 1296 3056; x_wconf 91' lang='lat' dir='ltr'>mortuis</span> <span class='ocrx_word' id='word_1_202' title='bbox 1328 2993 1481 3076; x_wconf 80' lang='lat' dir='ltr'>delegari.</span> 
     </span>
    </p>
   </div>
   <div class='ocr_carea' id='block_1_3' title="bbox 123 3237 1482 4466">
    <p class='ocr_par' dir='ltr' id='par_1_3' title="bbox 242 3237 1482 3383">
     <span class='ocr_line' id='line_1_26' title="bbox 242 3237 1482 3311; baseline -0.001 -16"><span class='ocrx_word' id='word_1_203' title='bbox 242 3242 309 3311; x_wconf 72' lang='lat' dir='ltr'>pars</span> <span class='ocrx_word' id='word_1_204' title='bbox 326 3241 430 3308; x_wconf 77' lang='lat' dir='ltr'>minas]</span> <span class='ocrx_word' id='word_1_205' title='bbox 449 3239 600 3293; x_wconf 86' lang='lat' dir='ltr'>bezeichnet</span> <span class='ocrx_word' id='word_1_206' title='bbox 618 3239 646 3292; x_wconf 91' lang='lat' dir='ltr'>in</span> <span class='ocrx_word' id='word_1_207' title='bbox 664 3237 740 3292; x_wconf 85' lang='lat' dir='ltr'>nieht</span> <span class='ocrx_word' id='word_1_208' title='bbox 756 3237 915 3292; x_wconf 84' lang='lat' dir='ltr'>lrlassisehcr</span> <span class='ocrx_word' id='word_1_209' title='bbox 928 3237 1160 3292; x_wconf 81' lang='lat' dir='ltr'>Ausdrucksueiss</span> <span class='ocrx_word' id='word_1_210' title='bbox 1177 3238 1220 3292; x_wconf 89' lang='lat' dir='ltr'>die</span> <span class='ocrx_word' id='word_1_211' title='bbox 1233 3239 1482 3308; x_wconf 84' lang='lat' dir='ltr'>Zshlbestimmung</span> 
     </span>
     <span class='ocr_line' id='line_1_27' title="bbox 246 3328 553 3383; baseline 0 0"><span class='ocrx_word' id='word_1_212' title='bbox 246 3330 286 3383; x_wconf 91' lang='lat' dir='ltr'>als</span> <span class='ocrx_word' id='word_1_213' title='bbox 304 3330 361 3382; x_wconf 89' lang='lat' dir='ltr'>eina</span> <span class='ocrx_word' id='word_1_214' title='bbox 379 3328 553 3383; x_wconf 74' lang='lat' dir='ltr'>annahernde.</span> 
     </span>
    </p>

    <p class='ocr_par' dir='ltr' id='par_1_4' title="bbox 123 3416 1482 3842">
     <span class='ocr_line' id='line_1_28' title="bbox 319 3416 1481 3488; baseline 0.002 -18"><span class='ocrx_word' id='word_1_215' title='bbox 319 3429 342 3471; x_wconf 82' lang='grc'>1.</span> <span class='ocrx_word' id='word_1_216' title='bbox 368 3434 402 3472; x_wconf 82' lang='lat' dir='ltr'>ec</span> <span class='ocrx_word' id='word_1_217' title='bbox 424 3417 508 3488; x_wconf 73' lang='lat' dir='ltr'>supa]</span> <span class='ocrx_word' id='word_1_218' title='bbox 533 3417 587 3471; x_wconf 82' lang='lat' dir='ltr'>Fiir</span> <span class='ocrx_word' id='word_1_219' title='bbox 611 3416 762 3485; x_wconf 83' lang='lat' dir='ltr'>„fllichtig“</span> <span class='ocrx_word' id='word_1_220' title='bbox 786 3417 835 3470; x_wconf 86' lang='lat' dir='ltr'>hat</span> <span class='ocrx_word' id='word_1_221' title='bbox 853 3416 899 3470; x_wconf 90' lang='lat' dir='ltr'>dar</span> <span class='ocrx_word' id='word_1_222' title='bbox 916 3416 1039 3470; x_wconf 84' lang='lat' dir='ltr'>Latoiuer</span> <span class='ocrx_word' id='word_1_223' title='bbox 1061 3417 1122 3470; x_wconf 88' lang='lat' dir='ltr'>lrein</span> <span class='ocrx_word' id='word_1_224' title='bbox 1145 3416 1369 3486; x_wconf 88' lang='lat' dir='ltr'>entsprechandas</span> <span class='ocrx_word' id='word_1_225' title='bbox 1387 3417 1481 3483; x_wconf 87' lang='lat' dir='ltr'>Wort;</span> 
     </span>
     <span class='ocr_line' id='line_1_29' title="bbox 123 3504 1482 3574; baseline 0.001 -16"><span class='ocrx_word' id='word_1_226' title='bbox 123 3563 126 3570; x_wconf 62' lang='grc'><em>,</em></span> <span class='ocrx_word' id='word_1_227' title='bbox 246 3504 314 3558; x_wconf 90' lang='lat' dir='ltr'>deun</span> <span class='ocrx_word' id='word_1_228' title='bbox 328 3505 468 3574; x_wconf 70' lang='lat' dir='ltr'>sopitione</span> <span class='ocrx_word' id='word_1_229' title='bbox 480 3507 546 3561; x_wconf 87' lang='lat' dir='ltr'>wird</span> <span class='ocrx_word' id='word_1_230' title='bbox 559 3506 613 3560; x_wconf 82' lang='lat' dir='ltr'>fast</span> <span class='ocrx_word' id='word_1_231' title='bbox 626 3505 834 3559; x_wconf 83' lang='lat' dir='ltr'>aussehliesslich</span> <span class='ocrx_word' id='word_1_232' title='bbox 847 3521 896 3559; x_wconf 86' lang='lat' dir='ltr'>von</span> <span class='ocrx_word' id='word_1_233' title='bbox 911 3505 1148 3574; x_wconf 83' lang='lat' dir='ltr'>davongelaufenen</span> <span class='ocrx_word' id='word_1_234' title='bbox 1159 3504 1271 3559; x_wconf 84' lang='lat' dir='ltr'>Sklaren</span> <span class='ocrx_word' id='word_1_235' title='bbox 1280 3506 1482 3574; x_wconf 80' lang='lat' dir='ltr'>gebraucht—</span> 
     </span>
     <span class='ocr_line' id='line_1_30' title="bbox 245 3594 1482 3664; baseline 0.001 -16"><span class='ocrx_word' id='word_1_236' title='bbox 245 3595 350 3662; x_wconf 79' lang='lat' dir='ltr'>reeipa‘o</span> <span class='ocrx_word' id='word_1_237' title='bbox 368 3594 434 3663; x_wconf 81' lang='lat' dir='ltr'>alm]</span> <span class='ocrx_word' id='word_1_238' title='bbox 453 3595 517 3663; x_wconf 88' lang='lat' dir='ltr'>„ich</span> <span class='ocrx_word' id='word_1_239' title='bbox 535 3595 597 3649; x_wconf 87' lang='lat' dir='ltr'>seha</span> <span class='ocrx_word' id='word_1_240' title='bbox 612 3595 753 3664; x_wconf 87' lang='lat' dir='ltr'>jemanden</span> <span class='ocrx_word' id='word_1_241' title='bbox 765 3594 819 3662; x_wconf 88' lang='lat' dir='ltr'>(bei</span> <span class='ocrx_word' id='word_1_242' title='bbox 832 3594 893 3660; x_wconf 85' lang='lat' dir='ltr'>mir)</span> <span class='ocrx_word' id='word_1_243' title='bbox 912 3594 1078 3648; x_wconf 83' lang='lat' dir='ltr'>cintreffcn“.</span> <span class='ocrx_word' id='word_1_244' title='bbox 1098 3623 1132 3634; x_wconf 93' lang='lat'>-·</span> <span class='ocrx_word' id='word_1_245' title='bbox 1151 3595 1279 3662; x_wconf 70' lang='lat' dir='ltr'>bmficio</span> <span class='ocrx_word' id='word_1_246' title='bbox 1297 3595 1360 3662; x_wconf 77' lang='lat' dir='ltr'>tuo]</span> <span class='ocrx_word' id='word_1_247' title='bbox 1380 3595 1482 3663; x_wconf 82' lang='lat' dir='ltr'>„Dank</span> 
     </span>
     <span class='ocr_line' id='line_1_31' title="bbox 246 3682 1480 3753; baseline 0.001 -17"><span class='ocrx_word' id='word_1_248' title='bbox 246 3682 322 3749; x_wconf 89' lang='lat' dir='ltr'>dir“;</span> <span class='ocrx_word' id='word_1_249' title='bbox 348 3683 427 3737; x_wconf 89' lang='lat' dir='ltr'>meist</span> <span class='ocrx_word' id='word_1_250' title='bbox 443 3684 485 3738; x_wconf 89' lang='lat' dir='ltr'>bai</span> <span class='ocrx_word' id='word_1_251' title='bbox 503 3685 634 3739; x_wconf 89' lang='lat' dir='ltr'>Personen</span> <span class='ocrx_word' id='word_1_252' title='bbox 652 3683 806 3753; x_wconf 75' lang='lat' dir='ltr'>gebraucht,</span> <span class='ocrx_word' id='word_1_253' title='bbox 831 3713 864 3722; x_wconf 95' lang='lat'>—</span> <span class='ocrx_word' id='word_1_254' title='bbox 891 3685 1018 3739; x_wconf 76' lang='lat' dir='ltr'>omnibus</span> <span class='ocrx_word' id='word_1_255' title='bbox 1035 3683 1171 3751; x_wconf 76' lang='lat' dir='ltr'>adversis]</span> <span class='ocrx_word' id='word_1_256' title='bbox 1197 3683 1337 3738; x_wconf 82' lang='lat' dir='ltr'>Inwiefern</span> <span class='ocrx_word' id='word_1_257' title='bbox 1360 3701 1389 3738; x_wconf 87' lang='lat' dir='ltr'>cs</span> <span class='ocrx_word' id='word_1_258' title='bbox 1412 3701 1480 3753; x_wconf 81' lang='lat' dir='ltr'>ganz</span> 
     </span>
     <span class='ocr_line' id='line_1_32' title="bbox 246 3771 892 3842; baseline 0.006 -18"><span class='ocrx_word' id='word_1_259' title='bbox 246 3771 364 3825; x_wconf 88' lang='lat' dir='ltr'>schleeht</span> <span class='ocrx_word' id='word_1_260' title='bbox 381 3772 423 3826; x_wconf 79' lang='lat' dir='ltr'>arr</span> <span class='ocrx_word' id='word_1_261' title='bbox 441 3773 480 3826; x_wconf 91' lang='lat' dir='ltr'>sie</span> <span class='ocrx_word' id='word_1_262' title='bbox 498 3774 579 3842; x_wconf 86' lang='lat' dir='ltr'>steht,</span> <span class='ocrx_word' id='word_1_263' title='bbox 596 3774 670 3827; x_wconf 90' lang='lat' dir='ltr'>lehrt</span> <span class='ocrx_word' id='word_1_264' title='bbox 687 3773 736 3826; x_wconf 86' lang='lat' dir='ltr'>das</span> <span class='ocrx_word' id='word_1_265' title='bbox 749 3773 892 3842; x_wconf 79' lang='lat' dir='ltr'>Folgeude.</span> 
     </span>
    </p>

    <p class='ocr_par' dir='ltr' id='par_1_5' title="bbox 245 3860 1480 4020">
     <span class='ocr_line' id='line_1_33' title="bbox 316 3860 1480 3932; baseline 0 -16"><span class='ocrx_word' id='word_1_266' title='bbox 316 3860 394 3929; x_wconf 85' lang='lat' dir='ltr'>Kap.</span> <span class='ocrx_word' id='word_1_267' title='bbox 413 3862 465 3917; x_wconf 90' lang='grc'>21.</span> <span class='ocrx_word' id='word_1_268' title='bbox 507 3875 557 3915; x_wconf 89' lang='lat' dir='ltr'>ru.</span> <span class='ocrx_word' id='word_1_269' title='bbox 575 3873 599 3916; x_wconf 81' lang='lat' dir='ltr'>a.</span> <span class='ocrx_word' id='word_1_270' title='bbox 624 3878 657 3916; x_wconf 88' lang='lat' dir='ltr'>eo</span> <span class='ocrx_word' id='word_1_271' title='bbox 676 3862 780 3930; x_wconf 75' lang='lat' dir='ltr'>poeria]</span> <span class='ocrx_word' id='word_1_272' title='bbox 807 3861 854 3915; x_wconf 86' lang='lat' dir='ltr'>wis</span> <span class='ocrx_word' id='word_1_273' title='bbox 872 3878 902 3917; x_wconf 89' lang='lat' dir='ltr'>eo</span> <span class='ocrx_word' id='word_1_274' title='bbox 921 3863 978 3916; x_wconf 85' lang='lat' dir='ltr'>loco</span> <span class='ocrx_word' id='word_1_275' title='bbox 995 3861 1062 3932; x_wconf 89' lang='lat' dir='ltr'>Kap.</span> <span class='ocrx_word' id='word_1_276' title='bbox 1082 3861 1125 3929; x_wconf 87' lang='lat'>14,</span> <span class='ocrx_word' id='word_1_277' title='bbox 1144 3861 1171 3916; x_wconf 81' lang='lat'>5.</span> <span class='ocrx_word' id='word_1_278' title='bbox 1196 3891 1231 3900; x_wconf 89' lang='lat'>-</span> <span class='ocrx_word' id='word_1_279' title='bbox 1256 3862 1386 3932; x_wconf 74' lang='lat' dir='ltr'>iatepris]</span> <span class='ocrx_word' id='word_1_280' title='bbox 1410 3862 1480 3916; x_wconf 87' lang='lat' dir='ltr'>Wie-</span> 
     </span>
     <span class='ocr_line' id='line_1_34' title="bbox 245 3949 1157 4020; baseline 0.002 -18"><span class='ocrx_word' id='word_1_281' title='bbox 245 3949 296 4003; x_wconf 74' lang='grc'>1111</span> <span class='ocrx_word' id='word_1_282' title='bbox 315 3951 352 4004; x_wconf 89' lang='lat' dir='ltr'>sie</span> <span class='ocrx_word' id='word_1_283' title='bbox 367 3951 437 4019; x_wconf 86' lang='lat' dir='ltr'>jatzt</span> <span class='ocrx_word' id='word_1_284' title='bbox 454 3969 503 4005; x_wconf 85' lang='lat' dir='ltr'>ron</span> <span class='ocrx_word' id='word_1_285' title='bbox 522 3951 594 4004; x_wconf 91' lang='lat' dir='ltr'>ihrer</span> <span class='ocrx_word' id='word_1_286' title='bbox 611 3950 743 4004; x_wconf 79' lang='lat' dir='ltr'>Volllrraft</span> <span class='ocrx_word' id='word_1_287' title='bbox 762 3951 878 4005; x_wconf 87' lang='lat' dir='ltr'>verloren</span> <span class='ocrx_word' id='word_1_288' title='bbox 896 3951 990 4019; x_wconf 85' lang='lat' dir='ltr'>haben,</span> <span class='ocrx_word' id='word_1_289' title='bbox 1010 3951 1080 4020; x_wconf 83' lang='lat' dir='ltr'>zeigt</span> <span class='ocrx_word' id='word_1_290' title='bbox 1097 3952 1113 4019; x_wconf 64' lang='grc' dir='ltr'><strong>ἕ</strong></span> <span class='ocrx_word' id='word_1_291' title='bbox 1131 3952 1157 4006; x_wconf 90' lang='grc'>3.</span> 
     </span>
    </p>

    <p class='ocr_par' dir='ltr' id='par_1_6' title="bbox 245 4039 1479 4198">
     <span class='ocr_line' id='line_1_35' title="bbox 318 4039 1479 4110; baseline 0 -16"><span class='ocrx_word' id='word_1_292' title='bbox 318 4052 412 4094; x_wconf 72' lang='grc'>1111.</span> <span class='ocrx_word' id='word_1_293' title='bbox 436 4039 563 4110; x_wconf 72' lang='lat' dir='ltr'>offlipera</span> <span class='ocrx_word' id='word_1_294' title='bbox 581 4039 655 4110; x_wconf 81' lang='lat' dir='ltr'>opes]</span> <span class='ocrx_word' id='word_1_295' title='bbox 680 4039 738 4093; x_wconf 81' lang='lat' dir='ltr'>wir</span> <span class='ocrx_word' id='word_1_296' title='bbox 756 4057 837 4108; x_wconf 86' lang='lat' dir='ltr'>sagon</span> <span class='ocrx_word' id='word_1_297' title='bbox 855 4040 906 4093; x_wconf 90' lang='lat' dir='ltr'>mit</span> <span class='ocrx_word' id='word_1_298' title='bbox 923 4039 1045 4094; x_wconf 87' lang='lat' dir='ltr'>auderem</span> <span class='ocrx_word' id='word_1_299' title='bbox 1062 4039 1154 4095; x_wconf 88' lang='lat' dir='ltr'>Bilds:</span> <span class='ocrx_word' id='word_1_300' title='bbox 1179 4039 1301 4094; x_wconf 89' lang='lat' dir='ltr'>brachen.</span> <span class='ocrx_word' id='word_1_301' title='bbox 1329 4070 1365 4080; x_wconf 91' lang='lat'><em>-</em></span> <span class='ocrx_word' id='word_1_302' title='bbox 1389 4047 1424 4096; x_wconf 79' lang='lat' dir='ltr'>at</span> <span class='ocrx_word' id='word_1_303' title='bbox 1447 4043 1479 4095; x_wconf 80' lang='grc'>111</span> 
     </span>
     <span class='ocr_line' id='line_1_36' title="bbox 245 4128 1442 4198; baseline 0.004 -17"><span class='ocrx_word' id='word_1_304' title='bbox 245 4132 327 4182; x_wconf 78' lang='lat' dir='ltr'>tacto</span> <span class='ocrx_word' id='word_1_305' title='bbox 345 4129 514 4197; x_wconf 75' lang='lat' dir='ltr'>calamitate]</span> <span class='ocrx_word' id='word_1_306' title='bbox 535 4129 646 4197; x_wconf 83' lang='lat' dir='ltr'>„seweit</span> <span class='ocrx_word' id='word_1_307' title='bbox 659 4129 702 4182; x_wconf 91' lang='lat' dir='ltr'>bei</span> <span class='ocrx_word' id='word_1_308' title='bbox 716 4129 830 4183; x_wconf 84' lang='lat' dir='ltr'>solehem</span> <span class='ocrx_word' id='word_1_309' title='bbox 843 4128 965 4198; x_wconf 86' lang='lat' dir='ltr'>Unglliek</span> <span class='ocrx_word' id='word_1_310' title='bbox 983 4129 1067 4183; x_wconf 78' lang='lat' dir='ltr'>daron</span> <span class='ocrx_word' id='word_1_311' title='bbox 1085 4129 1128 4183; x_wconf 89' lang='lat' dir='ltr'>die</span> <span class='ocrx_word' id='word_1_312' title='bbox 1145 4128 1218 4184; x_wconf 82' lang='lat' dir='ltr'>Rode</span> <span class='ocrx_word' id='word_1_313' title='bbox 1236 4129 1293 4183; x_wconf 86' lang='lat' dir='ltr'>sein</span> <span class='ocrx_word' id='word_1_314' title='bbox 1312 4130 1442 4186; x_wconf 79' lang='lat' dir='ltr'>kbnntc“.</span> 
     </span>
    </p>

    <p class='ocr_par' dir='ltr' id='par_1_7' title="bbox 244 4216 1480 4466">
     <span class='ocr_line' id='line_1_37' title="bbox 316 4216 1479 4289; baseline 0.002 -17"><span class='ocrx_word' id='word_1_315' title='bbox 316 4216 394 4286; x_wconf 86' lang='lat' dir='ltr'>Kap.</span> <span class='ocrx_word' id='word_1_316' title='bbox 414 4218 466 4273; x_wconf 90' lang='grc'>22.</span> <span class='ocrx_word' id='word_1_317' title='bbox 509 4231 558 4272; x_wconf 85' lang='lat' dir='ltr'>ru.</span> <span class='ocrx_word' id='word_1_318' title='bbox 575 4229 599 4274; x_wconf 84' lang='lat' dir='ltr'>a.</span> <span class='ocrx_word' id='word_1_319' title='bbox 625 4219 783 4286; x_wconf 76' lang='lat' dir='ltr'>orantibus]</span> <span class='ocrx_word' id='word_1_320' title='bbox 808 4219 858 4272; x_wconf 90' lang='lat' dir='ltr'>Die</span> <span class='ocrx_word' id='word_1_321' title='bbox 877 4217 1122 4287; x_wconf 83' lang='lat' dir='ltr'>Gruudbedeutung</span> <span class='ocrx_word' id='word_1_322' title='bbox 1145 4235 1195 4273; x_wconf 84' lang='lat' dir='ltr'>von</span> <span class='ocrx_word' id='word_1_323' title='bbox 1221 4234 1303 4273; x_wconf 80' lang='lat' dir='ltr'>orare</span> <span class='ocrx_word' id='word_1_324' title='bbox 1328 4221 1399 4289; x_wconf 80' lang='lat' dir='ltr'>zaigt</span> <span class='ocrx_word' id='word_1_325' title='bbox 1423 4219 1479 4274; x_wconf 82' lang='lat' dir='ltr'>sich</span> 
     </span>
     <span class='ocr_line' id='line_1_38' title="bbox 246 4305 1478 4377; baseline 0.002 -17"><span class='ocrx_word' id='word_1_326' title='bbox 246 4305 313 4360; x_wconf 90' lang='lat' dir='ltr'>noch</span> <span class='ocrx_word' id='word_1_327' title='bbox 335 4306 362 4360; x_wconf 91' lang='lat' dir='ltr'>in</span> <span class='ocrx_word' id='word_1_328' title='bbox 387 4313 488 4362; x_wconf 78' lang='lat' dir='ltr'>orator.</span> <span class='ocrx_word' id='word_1_329' title='bbox 515 4337 549 4346; x_wconf 89' lang='lat'><em>-</em></span> <span class='ocrx_word' id='word_1_330' title='bbox 574 4307 644 4362; x_wconf 80' lang='lat' dir='ltr'>scire</span> <span class='ocrx_word' id='word_1_331' title='bbox 669 4312 751 4376; x_wconf 75' lang='lat' dir='ltr'>atquc</span> <span class='ocrx_word' id='word_1_332' title='bbox 774 4307 941 4377; x_wconf 70' lang='lat' dir='ltr'>interrepere]</span> <span class='ocrx_word' id='word_1_333' title='bbox 965 4307 1017 4362; x_wconf 89' lang='lat' dir='ltr'>Um</span> <span class='ocrx_word' id='word_1_334' title='bbox 1038 4307 1152 4376; x_wconf 77' lang='lat' dir='ltr'>Bsgriffe</span> <span class='ocrx_word' id='word_1_335' title='bbox 1175 4308 1250 4362; x_wconf 87' lang='lat' dir='ltr'>starlr</span> <span class='ocrx_word' id='word_1_336' title='bbox 1273 4309 1478 4375; x_wconf 71' lang='lat' dir='ltr'>aumudrlieksn</span> 
     </span>
     <span class='ocr_line' id='line_1_39' title="bbox 244 4394 1480 4466; baseline 0.003 -18"><span class='ocrx_word' id='word_1_337' title='bbox 244 4398 315 4449; x_wconf 81' lang='lat' dir='ltr'>aetat</span> <span class='ocrx_word' id='word_1_338' title='bbox 338 4394 385 4448; x_wconf 90' lang='lat' dir='ltr'>der</span> <span class='ocrx_word' id='word_1_339' title='bbox 409 4395 533 4450; x_wconf 84' lang='lat' dir='ltr'>Latoiuer</span> <span class='ocrx_word' id='word_1_340' title='bbox 555 4397 636 4450; x_wconf 81' lang='lat' dir='ltr'>ditare</span> <span class='ocrx_word' id='word_1_341' title='bbox 662 4397 723 4449; x_wconf 83' lang='lat' dir='ltr'>awai</span> <span class='ocrx_word' id='word_1_342' title='bbox 741 4395 897 4464; x_wconf 79' lang='lat' dir='ltr'>Synonyma.</span> <span class='ocrx_word' id='word_1_343' title='bbox 922 4423 956 4434; x_wconf 91' lang='lat'><em>-</em></span> <span class='ocrx_word' id='word_1_344' title='bbox 982 4396 1118 4466; x_wconf 77' lang='lat' dir='ltr'>dclcpara]</span> <span class='ocrx_word' id='word_1_345' title='bbox 1143 4397 1187 4451; x_wconf 88' lang='lat' dir='ltr'>ain</span> <span class='ocrx_word' id='word_1_346' title='bbox 1209 4397 1238 4451; x_wconf 90' lang='grc'>111</span> <span class='ocrx_word' id='word_1_347' title='bbox 1262 4396 1312 4451; x_wconf 86' lang='lat' dir='ltr'>dar</span> <span class='ocrx_word' id='word_1_348' title='bbox 1330 4395 1480 4454; x_wconf 71' lang='grc'>(1111111111-</span> 
     </span>
    </p>
   </div>
   <div class='ocr_carea' id='block_1_4' title="bbox 0 0 1572 4928">
    <p class='ocr_par' dir='ltr' id='par_1_8' title="bbox 0 0 1572 4928">
     <span class='ocr_line' id='line_1_40' title="bbox 0 0 1572 4928; baseline 0 0"><span class='ocrx_word' id='word_1_349' title='bbox 0 0 1572 4928; x_wconf 95' lang='lat' dir='ltr'> </span> 
     </span>
    </p>
   </div>
  </div>
 </body>
</html>
