<?xml version="1.0" encoding="UTF-8"?>
<!DOCTYPE html PUBLIC "-//W3C//DTD XHTML 1.0 Transitional//EN"
    "http://www.w3.org/TR/xhtml1/DTD/xhtml1-transitional.dtd">
<html xmlns="http://www.w3.org/1999/xhtml" xml:lang="en" lang="en">
 <head>
  <title>
</title>
<meta http-equiv="Content-Type" content="text/html;charset=utf-8" />
  <meta name='ocr-system' content='tesseract 3.04.00' />
  <meta name='ocr-capabilities' content='ocr_page ocr_carea ocr_par ocr_line ocrx_word'/>
</head>
<body>
  <div class='ocr_page' id='page_1' title='image "./ciuliicaesarisc01menggoog/ciuliicaesarisc01menggoog_0255.png"; bbox 0 0 3086 4920; ppageno 0'>
   <div class='ocr_carea' id='block_1_1' title="bbox 239 366 984 428">
    <p class='ocr_par' dir='ltr' id='par_1_1' title="bbox 239 366 984 428">
     <span class='ocr_line' id='line_1_1' title="bbox 239 366 984 428; baseline -0.001 -1"><span class='ocrx_word' id='word_1_1' title='bbox 239 366 304 428; x_wconf 77' lang='lat'>&#39;⁶218</span> <span class='ocrx_word' id='word_1_2' title='bbox 741 371 781 425; x_wconf 90' lang='lat' dir='ltr'>De</span> <span class='ocrx_word' id='word_1_3' title='bbox 798 371 866 425; x_wconf 92' lang='lat' dir='ltr'>bello</span> <span class='ocrx_word' id='word_1_4' title='bbox 885 369 984 426; x_wconf 79' lang='lat' dir='ltr'>Gallico</span> 
     </span>
    </p>
   </div>
   <div class='ocr_carea' id='block_1_2' title="bbox 227 528 1529 1052">
    <p class='ocr_par' dir='ltr' id='par_1_2' title="bbox 227 528 1529 1052">
     <span class='ocr_line' id='line_1_2' title="bbox 252 528 1463 616; baseline 0.004 -22"><span class='ocrx_word' id='word_1_5' title='bbox 252 532 290 594; x_wconf 90' lang='lat' dir='ltr'>ut</span> <span class='ocrx_word' id='word_1_6' title='bbox 310 528 417 612; x_wconf 91' lang='lat' dir='ltr'>potius</span> <span class='ocrx_word' id='word_1_7' title='bbox 440 530 473 594; x_wconf 92' lang='lat' dir='ltr'>in</span> <span class='ocrx_word' id='word_1_8' title='bbox 495 531 635 597; x_wconf 83' lang='lat' dir='ltr'>nocendo</span> <span class='ocrx_word' id='word_1_9' title='bbox 659 533 779 613; x_wconf 88' lang='lat' dir='ltr'>ahquid</span> <span class='ocrx_word' id='word_1_10' title='bbox 798 533 1116 616; x_wconf 78' lang='lat' dir='ltr'>praetermitteretur,</span> <span class='ocrx_word' id='word_1_11' title='bbox 1140 533 1203 597; x_wconf 89' lang='lat' dir='ltr'>etsi</span> <span class='ocrx_word' id='word_1_12' title='bbox 1219 534 1361 598; x_wconf 89' lang='lat' dir='ltr'>omnium</span> <span class='ocrx_word' id='word_1_13' title='bbox 1376 535 1463 599; x_wconf 89' lang='lat' dir='ltr'>animi</span> 
     </span>
     <span class='ocr_line' id='line_1_3' title="bbox 253 636 1464 721; baseline 0.005 -21"><span class='ocrx_word' id='word_1_14' title='bbox 253 636 294 701; x_wconf 89' lang='lat' dir='ltr'>ad</span> <span class='ocrx_word' id='word_1_15' title='bbox 315 637 533 702; x_wconf 87' lang='lat' dir='ltr'>aloisoendum</span> <span class='ocrx_word' id='word_1_16' title='bbox 563 639 730 715; x_wconf 84' lang='lat' dir='ltr'>ardebant,</span> <span class='ocrx_word' id='word_1_17' title='bbox 754 657 852 720; x_wconf 90' lang='lat' dir='ltr'>quam</span> <span class='ocrx_word' id='word_1_18' title='bbox 874 659 947 706; x_wconf 87' lang='lat' dir='ltr'>eum</span> <span class='ocrx_word' id='word_1_19' title='bbox 976 639 1083 721; x_wconf 91' lang='lat' dir='ltr'>aliquo</span> <span class='ocrx_word' id='word_1_20' title='bbox 1112 640 1254 705; x_wconf 87' lang='lat' dir='ltr'>militnm</span> <span class='ocrx_word' id='word_1_21' title='bbox 1284 641 1464 706; x_wconf 84' lang='lat' dir='ltr'>detrimento</span> 
     </span>
     <span class='ocr_line' id='line_1_4' title="bbox 227 745 1465 814; baseline 0.002 -4"><span class='ocrx_word' id='word_1_22' title='bbox 227 745 428 810; x_wconf 87' lang='lat' dir='ltr'>snooeretur.</span> <span class='ocrx_word' id='word_1_23' title='bbox 472 745 617 809; x_wconf 86' lang='lat' dir='ltr'>Dimittit</span> <span class='ocrx_word' id='word_1_24' title='bbox 640 745 680 810; x_wconf 90' lang='lat' dir='ltr'>ad</span> <span class='ocrx_word' id='word_1_25' title='bbox 702 746 854 811; x_wconf 88' lang='lat' dir='ltr'>finitimas</span> <span class='ocrx_word' id='word_1_26' title='bbox 878 747 1022 811; x_wconf 77' lang='lat' dir='ltr'>divitates</span> <span class='ocrx_word' id='word_1_27' title='bbox 1045 747 1173 812; x_wconf 87' lang='lat' dir='ltr'>nuntios</span> <span class='ocrx_word' id='word_1_28' title='bbox 1197 747 1334 812; x_wconf 77' lang='lat' dir='ltr'>Caesar:</span> <span class='ocrx_word' id='word_1_29' title='bbox 1366 767 1465 814; x_wconf 85' lang='lat' dir='ltr'>omnes</span> 
     </span>
     <span class='ocr_line' id='line_1_5' title="bbox 252 852 1466 936; baseline 0.004 -22"><span class='ocrx_word' id='word_1_30' title='bbox 252 852 362 915; x_wconf 85' lang='lat' dir='ltr'>evooat</span> <span class='ocrx_word' id='word_1_31' title='bbox 385 869 440 934; x_wconf 88' lang='lat' dir='ltr'>spe</span> <span class='ocrx_word' id='word_1_32' title='bbox 463 852 599 934; x_wconf 79' lang='lat' dir='ltr'>praedae</span> <span class='ocrx_word' id='word_1_33' title='bbox 630 852 671 916; x_wconf 90' lang='lat' dir='ltr'>ad</span> <span class='ocrx_word' id='word_1_34' title='bbox 700 852 891 935; x_wconf 90' lang='lat' dir='ltr'>diripiendos</span> <span class='ocrx_word' id='word_1_35' title='bbox 913 853 1093 931; x_wconf 79' lang='lat' dir='ltr'>Eburones,</span> <span class='ocrx_word' id='word_1_36' title='bbox 1122 855 1159 918; x_wconf 89' lang='lat' dir='ltr'>ut</span> <span class='ocrx_word' id='word_1_37' title='bbox 1187 855 1294 936; x_wconf 88' lang='lat' dir='ltr'>potius</span> <span class='ocrx_word' id='word_1_38' title='bbox 1324 855 1359 918; x_wconf 90' lang='lat' dir='ltr'>iu</span> <span class='ocrx_word' id='word_1_39' title='bbox 1376 855 1466 919; x_wconf 77' lang='lat' dir='ltr'>&#39;silvis</span> 
     </span>
     <span class='ocr_line' id='line_1_6' title="bbox 253 955 1529 1052; baseline 0.005 -32"><span class='ocrx_word' id='word_1_40' title='bbox 253 955 418 1021; x_wconf 82' lang='lat' dir='ltr'>Gallorum</span> <span class='ocrx_word' id='word_1_41' title='bbox 433 957 500 1021; x_wconf 81' lang='lat' dir='ltr'>vita</span> <span class='ocrx_word' id='word_1_42' title='bbox 520 975 617 1039; x_wconf 90' lang='lat' dir='ltr'>quam</span> <span class='ocrx_word' id='word_1_43' title='bbox 640 959 831 1041; x_wconf 83' lang='lat' dir='ltr'>legionarius</span> <span class='ocrx_word' id='word_1_44' title='bbox 852 959 943 1024; x_wconf 89' lang='lat' dir='ltr'>miles</span> <span class='ocrx_word' id='word_1_45' title='bbox 964 959 1170 1042; x_wconf 86' lang='lat' dir='ltr'>perialitetnr,</span> <span class='ocrx_word' id='word_1_46' title='bbox 1194 961 1291 1024; x_wconf 89' lang='lat' dir='ltr'>simul</span> <span class='ocrx_word' id='word_1_47' title='bbox 1305 963 1345 1024; x_wconf 88' lang='lat' dir='ltr'>ut</span> <span class='ocrx_word' id='word_1_48' title='bbox 1360 979 1468 1043; x_wconf 83' lang='lat' dir='ltr'>magna</span> <span class='ocrx_word' id='word_1_49' title='bbox 1528 1045 1529 1052; x_wconf 6' lang='grc' dir='ltr'>ἵ</span> 
     </span>
    </p>
   </div>
   <div class='ocr_carea' id='block_1_3' title="bbox 198 1063 1471 2962">
    <p class='ocr_par' dir='ltr' id='par_1_3' title="bbox 198 1063 1471 2962">
     <span class='ocr_line' id='line_1_7' title="bbox 252 1063 1467 1149; baseline 0.005 -23"><span class='ocrx_word' id='word_1_50' title='bbox 252 1063 457 1128; x_wconf 86' lang='lat' dir='ltr'>multitudine</span> <span class='ocrx_word' id='word_1_51' title='bbox 481 1063 673 1129; x_wconf 84' lang='lat' dir='ltr'>oiroumfusa</span> <span class='ocrx_word' id='word_1_52' title='bbox 694 1084 751 1147; x_wconf 93' lang='lat' dir='ltr'>pro</span> <span class='ocrx_word' id='word_1_53' title='bbox 775 1065 832 1128; x_wconf 90' lang='lat' dir='ltr'>tali</span> <span class='ocrx_word' id='word_1_54' title='bbox 857 1065 994 1130; x_wconf 81' lang='lat' dir='ltr'>facinore</span> <span class='ocrx_word' id='word_1_55' title='bbox 1018 1067 1114 1149; x_wconf 87' lang='lat' dir='ltr'>stirps</span> <span class='ocrx_word' id='word_1_56' title='bbox 1139 1083 1175 1132; x_wconf 87' lang='lat' dir='ltr'>ao</span> <span class='ocrx_word' id='word_1_57' title='bbox 1197 1069 1314 1131; x_wconf 88' lang='lat' dir='ltr'>nomen</span> <span class='ocrx_word' id='word_1_58' title='bbox 1339 1068 1467 1133; x_wconf 75' lang='lat' dir='ltr'>divitatis</span> 
     </span>
     <span class='ocr_line' id='line_1_8' title="bbox 228 1170 1336 1252; baseline 0.002 -18"><span class='ocrx_word' id='word_1_59' title='bbox 228 1170 393 1234; x_wconf 76' lang='lat' dir='ltr'>stellatur.</span> <span class='ocrx_word' id='word_1_60' title='bbox 438 1170 575 1252; x_wconf 77' lang='lat' dir='ltr'>Magnus</span> <span class='ocrx_word' id='word_1_61' title='bbox 599 1171 738 1252; x_wconf 91' lang='lat' dir='ltr'>undique</span> <span class='ocrx_word' id='word_1_62' title='bbox 761 1190 913 1236; x_wconf 92' lang='lat' dir='ltr'>numerus</span> <span class='ocrx_word' id='word_1_63' title='bbox 937 1173 1081 1236; x_wconf 87' lang='lat' dir='ltr'>eeleriter</span> <span class='ocrx_word' id='word_1_64' title='bbox 1104 1173 1258 1238; x_wconf 84' lang='lat' dir='ltr'>eonvenit.</span> <span class='ocrx_word' id='word_1_65' title='bbox 1334 1217 1336 1220; x_wconf 78' lang='lat'><em>.</em></span> 
     </span>
     <span class='ocr_line' id='line_1_9' title="bbox 198 1277 1470 1364; baseline 0.002 -20"><span class='ocrx_word' id='word_1_66' title='bbox 198 1283 240 1344; x_wconf 78' lang='lat'>35</span> <span class='ocrx_word' id='word_1_67' title='bbox 340 1277 428 1341; x_wconf 88' lang='lat' dir='ltr'>Haeo</span> <span class='ocrx_word' id='word_1_68' title='bbox 448 1277 481 1340; x_wconf 95' lang='lat' dir='ltr'>in</span> <span class='ocrx_word' id='word_1_69' title='bbox 496 1277 641 1342; x_wconf 84' lang='lat' dir='ltr'>omnihus</span> <span class='ocrx_word' id='word_1_70' title='bbox 657 1278 842 1342; x_wconf 85' lang='lat' dir='ltr'>Eburonum</span> <span class='ocrx_word' id='word_1_71' title='bbox 857 1279 1002 1360; x_wconf 86' lang='lat' dir='ltr'>partibus</span> <span class='ocrx_word' id='word_1_72' title='bbox 1018 1280 1217 1361; x_wconf 85' lang='lat' dir='ltr'>gerebantur,</span> <span class='ocrx_word' id='word_1_73' title='bbox 1234 1280 1367 1362; x_wconf 83' lang='lat' dir='ltr'>diesque</span> <span class='ocrx_word' id='word_1_74' title='bbox 1384 1299 1470 1364; x_wconf 88' lang='lat' dir='ltr'>appe-</span> 
     </span>
     <span class='ocr_line' id='line_1_10' title="bbox 252 1383 1469 1470; baseline 0.004 -23"><span class='ocrx_word' id='word_1_75' title='bbox 252 1385 342 1448; x_wconf 88' lang='lat' dir='ltr'>tebat</span> <span class='ocrx_word' id='word_1_76' title='bbox 365 1383 529 1466; x_wconf 89' lang='lat' dir='ltr'>septimus,</span> <span class='ocrx_word' id='word_1_77' title='bbox 552 1403 648 1466; x_wconf 90' lang='lat' dir='ltr'>quem</span> <span class='ocrx_word' id='word_1_78' title='bbox 664 1385 704 1448; x_wconf 89' lang='lat' dir='ltr'>ad</span> <span class='ocrx_word' id='word_1_79' title='bbox 720 1385 805 1450; x_wconf 91' lang='lat' dir='ltr'>diem</span> <span class='ocrx_word' id='word_1_80' title='bbox 821 1384 938 1450; x_wconf 81' lang='lat' dir='ltr'>Caesar</span> <span class='ocrx_word' id='word_1_81' title='bbox 955 1385 994 1449; x_wconf 90' lang='lat' dir='ltr'>ad</span> <span class='ocrx_word' id='word_1_82' title='bbox 1014 1385 1240 1468; x_wconf 88' lang='lat' dir='ltr'>impedimenta</span> <span class='ocrx_word' id='word_1_83' title='bbox 1255 1387 1469 1470; x_wconf 83' lang='lat' dir='ltr'>legionemque</span> 
     </span>
     <span class='ocr_line' id='line_1_11' title="bbox 228 1490 1470 1577; baseline 0.006 -25"><span class='ocrx_word' id='word_1_84' title='bbox 228 1491 369 1554; x_wconf 79' lang='lat' dir='ltr'>araverti</span> <span class='ocrx_word' id='word_1_85' title='bbox 385 1490 602 1554; x_wconf 81' lang='lat' dir='ltr'>eonstitnerat.</span> <span class='ocrx_word' id='word_1_86' title='bbox 629 1490 699 1567; x_wconf 88' lang='lat' dir='ltr'>Hie,</span> <span class='ocrx_word' id='word_1_87' title='bbox 716 1492 918 1572; x_wconf 89' lang='lat' dir='ltr'>quantumin</span> <span class='ocrx_word' id='word_1_88' title='bbox 934 1492 1016 1556; x_wconf 90' lang='lat' dir='ltr'>bello</span> <span class='ocrx_word' id='word_1_89' title='bbox 1032 1492 1160 1557; x_wconf 85' lang='lat' dir='ltr'>fortuna</span> <span class='ocrx_word' id='word_1_90' title='bbox 1174 1495 1276 1576; x_wconf 90' lang='lat' dir='ltr'>possit</span> <span class='ocrx_word' id='word_1_91' title='bbox 1292 1497 1325 1559; x_wconf 92' lang='lat' dir='ltr'>et</span> <span class='ocrx_word' id='word_1_92' title='bbox 1341 1497 1470 1577; x_wconf 88' lang='lat' dir='ltr'>quantos</span> 
     </span>
     <span class='ocr_line' id='line_1_12' title="bbox 228 1595 1470 1682; baseline 0.003 -21"><span class='ocrx_word' id='word_1_93' title='bbox 228 1595 377 1661; x_wconf 83' lang='lat' dir='ltr'>aadferat</span> <span class='ocrx_word' id='word_1_94' title='bbox 397 1615 498 1674; x_wconf 83' lang='lat' dir='ltr'>nasus,</span> <span class='ocrx_word' id='word_1_95' title='bbox 522 1597 667 1678; x_wconf 81' lang='lat' dir='ltr'>eognosoi</span> <span class='ocrx_word' id='word_1_96' title='bbox 687 1598 800 1680; x_wconf 89' lang='lat' dir='ltr'>potnit.</span> <span class='ocrx_word' id='word_1_97' title='bbox 830 1597 1000 1681; x_wconf 82' lang='lat' dir='ltr'>Dissipatis</span> <span class='ocrx_word' id='word_1_98' title='bbox 1017 1617 1054 1663; x_wconf 86' lang='lat' dir='ltr'>aa</span> <span class='ocrx_word' id='word_1_99' title='bbox 1069 1600 1246 1682; x_wconf 87' lang='lat' dir='ltr'>perterritis</span> <span class='ocrx_word' id='word_1_100' title='bbox 1261 1601 1417 1679; x_wconf 87' lang='lat' dir='ltr'>hostibus,</span> <span class='ocrx_word' id='word_1_101' title='bbox 1438 1603 1470 1666; x_wconf 92' lang='lat' dir='ltr'>ut</span> 
     </span>
     <span class='ocr_line' id='line_1_13' title="bbox 253 1699 1469 1789; baseline 0.005 -23"><span class='ocrx_word' id='word_1_102' title='bbox 253 1703 556 1780; x_wconf 87' lang='lat' dir='ltr'>demonstravimus,</span> <span class='ocrx_word' id='word_1_103' title='bbox 585 1721 699 1768; x_wconf 89' lang='lat' dir='ltr'>manns</span> <span class='ocrx_word' id='word_1_104' title='bbox 724 1706 793 1768; x_wconf 87' lang='lat' dir='ltr'>erat</span> <span class='ocrx_word' id='word_1_105' title='bbox 822 1705 925 1782; x_wconf 87' lang='lat' dir='ltr'>nulla,</span> <span class='ocrx_word' id='word_1_106' title='bbox 950 1724 1031 1786; x_wconf 88' lang='lat' dir='ltr'>quae</span> <span class='ocrx_word' id='word_1_107' title='bbox 1060 1725 1193 1789; x_wconf 86' lang='lat' dir='ltr'>parvam</span> <span class='ocrx_word' id='word_1_108' title='bbox 1222 1699 1316 1772; x_wconf 86' lang='lat' dir='ltr'>modo</span> <span class='ocrx_word' id='word_1_109' title='bbox 1347 1727 1469 1772; x_wconf 87' lang='lat' dir='ltr'>oausam</span> 
     </span>
     <span class='ocr_line' id='line_1_14' title="bbox 227 1809 1470 1896; baseline 0.006 -26"><span class='ocrx_word' id='word_1_110' title='bbox 227 1811 375 1873; x_wconf 69' lang='lat' dir='ltr'>stimoris</span> <span class='ocrx_word' id='word_1_111' title='bbox 399 1809 545 1874; x_wconf 83' lang='lat' dir='ltr'>adferret.</span> <span class='ocrx_word' id='word_1_112' title='bbox 584 1810 685 1874; x_wconf 87' lang='lat' dir='ltr'>Trans</span> <span class='ocrx_word' id='word_1_113' title='bbox 709 1810 857 1874; x_wconf 87' lang='lat' dir='ltr'>Rhenum</span> <span class='ocrx_word' id='word_1_114' title='bbox 881 1810 921 1874; x_wconf 90' lang='lat' dir='ltr'>ad</span> <span class='ocrx_word' id='word_1_115' title='bbox 945 1811 1121 1877; x_wconf 78' lang='lat' dir='ltr'>Germanos</span> <span class='ocrx_word' id='word_1_116' title='bbox 1144 1813 1289 1896; x_wconf 86' lang='lat' dir='ltr'>pervenit</span> <span class='ocrx_word' id='word_1_117' title='bbox 1311 1813 1408 1890; x_wconf 87' lang='lat' dir='ltr'>fama,</span> <span class='ocrx_word' id='word_1_118' title='bbox 1430 1813 1470 1877; x_wconf 93' lang='lat' dir='ltr'>di·</span> 
     </span>
     <span class='ocr_line' id='line_1_15' title="bbox 229 1916 1471 2003; baseline 0.006 -28"><span class='ocrx_word' id='word_1_119' title='bbox 229 1916 313 1998; x_wconf 75' lang='lat' dir='ltr'>sripi</span> <span class='ocrx_word' id='word_1_120' title='bbox 341 1916 506 1981; x_wconf 84' lang='lat' dir='ltr'>Eburones</span> <span class='ocrx_word' id='word_1_121' title='bbox 539 1917 634 1997; x_wconf 84' lang='lat' dir='ltr'>atque</span> <span class='ocrx_word' id='word_1_122' title='bbox 665 1917 749 1980; x_wconf 89' lang='lat' dir='ltr'>ultro</span> <span class='ocrx_word' id='word_1_123' title='bbox 778 1935 887 1981; x_wconf 91' lang='lat' dir='ltr'>omnes</span> <span class='ocrx_word' id='word_1_124' title='bbox 917 1918 957 1981; x_wconf 88' lang='lat' dir='ltr'>ad</span> <span class='ocrx_word' id='word_1_125' title='bbox 989 1918 1140 2003; x_wconf 88' lang='lat' dir='ltr'>praedam</span> <span class='ocrx_word' id='word_1_126' title='bbox 1168 1920 1300 1984; x_wconf 82' lang='lat' dir='ltr'>evooari.</span> <span class='ocrx_word' id='word_1_127' title='bbox 1353 1919 1471 2002; x_wconf 80' lang='lat' dir='ltr'>Cogunt</span> 
     </span>
     <span class='ocr_line' id='line_1_16' title="bbox 253 2020 1469 2109; baseline 0.003 -23"><span class='ocrx_word' id='word_1_128' title='bbox 253 2021 399 2103; x_wconf 86' lang='lat' dir='ltr'>equitum</span> <span class='ocrx_word' id='word_1_129' title='bbox 422 2020 483 2086; x_wconf 90' lang='lat' dir='ltr'>duo</span> <span class='ocrx_word' id='word_1_130' title='bbox 507 2023 595 2086; x_wconf 89' lang='lat' dir='ltr'>milia</span> <span class='ocrx_word' id='word_1_131' title='bbox 619 2021 803 2104; x_wconf 80' lang='lat' dir='ltr'>Sugambri,</span> <span class='ocrx_word' id='word_1_132' title='bbox 827 2023 981 2104; x_wconf 88' lang='lat' dir='ltr'>quisunt</span> <span class='ocrx_word' id='word_1_133' title='bbox 1007 2025 1141 2108; x_wconf 84' lang='lat' dir='ltr'>proximi</span> <span class='ocrx_word' id='word_1_134' title='bbox 1163 2025 1288 2104; x_wconf 88' lang='lat' dir='ltr'>Rheno,</span> <span class='ocrx_word' id='word_1_135' title='bbox 1319 2027 1469 2109; x_wconf 88' lang='lat' dir='ltr'>aquibus</span> 
     </span>
     <span class='ocr_line' id='line_1_17' title="bbox 228 2129 1470 2214; baseline 0.006 -25"><span class='ocrx_word' id='word_1_136' title='bbox 228 2130 395 2210; x_wconf 83' lang='lat' dir='ltr'>sreeeptos</span> <span class='ocrx_word' id='word_1_137' title='bbox 418 2147 455 2192; x_wconf 88' lang='lat' dir='ltr'>ex</span> <span class='ocrx_word' id='word_1_138' title='bbox 478 2129 554 2211; x_wconf 82' lang='lat' dir='ltr'>iuga</span> <span class='ocrx_word' id='word_1_139' title='bbox 570 2129 740 2194; x_wconf 87' lang='lat' dir='ltr'>Tenoteros</span> <span class='ocrx_word' id='word_1_140' title='bbox 764 2131 859 2211; x_wconf 87' lang='lat' dir='ltr'>atque</span> <span class='ocrx_word' id='word_1_141' title='bbox 876 2130 1025 2213; x_wconf 89' lang='lat' dir='ltr'>Usipetes</span> <span class='ocrx_word' id='word_1_142' title='bbox 1043 2150 1139 2214; x_wconf 87' lang='lat' dir='ltr'>supra</span> <span class='ocrx_word' id='word_1_143' title='bbox 1154 2131 1331 2198; x_wconf 90' lang='lat' dir='ltr'>doouimus.</span> <span class='ocrx_word' id='word_1_144' title='bbox 1362 2134 1470 2198; x_wconf 83' lang='lat' dir='ltr'>Trans·</span> 
     </span>
     <span class='ocr_line' id='line_1_18' title="bbox 254 2235 1469 2322; baseline 0.002 -23"><span class='ocrx_word' id='word_1_145' title='bbox 254 2238 331 2299; x_wconf 86' lang='lat' dir='ltr'>eunt</span> <span class='ocrx_word' id='word_1_146' title='bbox 353 2235 502 2300; x_wconf 88' lang='lat' dir='ltr'>Rhenum</span> <span class='ocrx_word' id='word_1_147' title='bbox 524 2235 657 2300; x_wconf 85' lang='lat' dir='ltr'>navibus</span> <span class='ocrx_word' id='word_1_148' title='bbox 680 2236 866 2319; x_wconf 87' lang='lat' dir='ltr'>ratibusque</span> <span class='ocrx_word' id='word_1_149' title='bbox 889 2237 1022 2320; x_wconf 83' lang='lat' dir='ltr'>triginta</span> <span class='ocrx_word' id='word_1_150' title='bbox 1050 2239 1178 2303; x_wconf 88' lang='lat' dir='ltr'>milibus</span> <span class='ocrx_word' id='word_1_151' title='bbox 1208 2257 1365 2322; x_wconf 85' lang='lat' dir='ltr'>passuum</span> <span class='ocrx_word' id='word_1_152' title='bbox 1394 2240 1469 2304; x_wconf 85' lang='lat' dir='ltr'>infra</span> 
     </span>
     <span class='ocr_line' id='line_1_19' title="bbox 254 2341 1469 2428; baseline 0.006 -24"><span class='ocrx_word' id='word_1_153' title='bbox 254 2359 328 2405; x_wconf 87' lang='lat' dir='ltr'>eum</span> <span class='ocrx_word' id='word_1_154' title='bbox 350 2342 462 2420; x_wconf 78' lang='lat' dir='ltr'>locum,</span> <span class='ocrx_word' id='word_1_155' title='bbox 487 2341 540 2406; x_wconf 84' lang='lat' dir='ltr'>nbi</span> <span class='ocrx_word' id='word_1_156' title='bbox 562 2359 641 2424; x_wconf 91' lang='lat' dir='ltr'>pons</span> <span class='ocrx_word' id='word_1_157' title='bbox 665 2344 734 2407; x_wconf 87' lang='lat' dir='ltr'>erat</span> <span class='ocrx_word' id='word_1_158' title='bbox 756 2341 914 2425; x_wconf 76' lang='lat' dir='ltr'>perfectus</span> <span class='ocrx_word' id='word_1_159' title='bbox 931 2344 1186 2428; x_wconf 88' lang='lat' dir='ltr'>praesidiumque</span> <span class='ocrx_word' id='word_1_160' title='bbox 1208 2347 1247 2410; x_wconf 90' lang='lat' dir='ltr'>ab</span> <span class='ocrx_word' id='word_1_161' title='bbox 1269 2345 1405 2411; x_wconf 82' lang='lat' dir='ltr'>Caesare</span> <span class='ocrx_word' id='word_1_162' title='bbox 1425 2365 1469 2410; x_wconf 78' lang='lat' dir='ltr'>re</span> 
     </span>
     <span class='ocr_line' id='line_1_20' title="bbox 253 2447 1469 2536; baseline 0.004 -25"><span class='ocrx_word' id='word_1_163' title='bbox 253 2447 381 2522; x_wconf 88' lang='lat' dir='ltr'>liotum;</span> <span class='ocrx_word' id='word_1_164' title='bbox 404 2449 522 2531; x_wconf 90' lang='lat' dir='ltr'>primos</span> <span class='ocrx_word' id='word_1_165' title='bbox 546 2449 731 2512; x_wconf 88' lang='lat' dir='ltr'>Eburonum</span> <span class='ocrx_word' id='word_1_166' title='bbox 752 2449 830 2513; x_wconf 89' lang='lat' dir='ltr'>fines</span> <span class='ocrx_word' id='word_1_167' title='bbox 855 2449 992 2525; x_wconf 75' lang='lat' dir='ltr'>adeunt,</span> <span class='ocrx_word' id='word_1_168' title='bbox 1016 2451 1134 2516; x_wconf 90' lang='lat' dir='ltr'>multos</span> <span class='ocrx_word' id='word_1_169' title='bbox 1158 2470 1195 2516; x_wconf 84' lang='lat' dir='ltr'>ex</span> <span class='ocrx_word' id='word_1_170' title='bbox 1217 2451 1294 2534; x_wconf 82' lang='lat' dir='ltr'>fuga</span> <span class='ocrx_word' id='word_1_171' title='bbox 1318 2453 1469 2536; x_wconf 86' lang='lat' dir='ltr'>dispersos</span> 
     </span>
     <span class='ocr_line' id='line_1_21' title="bbox 253 2553 1470 2641; baseline 0.002 -22"><span class='ocrx_word' id='word_1_172' title='bbox 253 2553 425 2638; x_wconf 69' lang='lat' dir='ltr'>examinat,</span> <span class='ocrx_word' id='word_1_173' title='bbox 456 2573 571 2636; x_wconf 81' lang='lat' dir='ltr'>magno</span> <span class='ocrx_word' id='word_1_174' title='bbox 593 2555 714 2638; x_wconf 89' lang='lat' dir='ltr'>peeoris</span> <span class='ocrx_word' id='word_1_175' title='bbox 738 2574 885 2633; x_wconf 90' lang='lat' dir='ltr'>numero,</span> <span class='ocrx_word' id='word_1_176' title='bbox 909 2557 999 2621; x_wconf 89' lang='lat' dir='ltr'>ouius</span> <span class='ocrx_word' id='word_1_177' title='bbox 1023 2559 1098 2621; x_wconf 85' lang='lat' dir='ltr'>sunt</span> <span class='ocrx_word' id='word_1_178' title='bbox 1121 2558 1318 2641; x_wconf 87' lang='lat' dir='ltr'>eupidissimi</span> <span class='ocrx_word' id='word_1_179' title='bbox 1341 2559 1470 2633; x_wconf 86' lang='lat' dir='ltr'>barbari,</span> 
     </span>
     <span class='ocr_line' id='line_1_22' title="bbox 229 2661 1469 2749; baseline 0.005 -27"><span class='ocrx_word' id='word_1_180' title='bbox 229 2661 426 2744; x_wconf 82' lang='lat' dir='ltr'>apotiuntur.</span> <span class='ocrx_word' id='word_1_181' title='bbox 471 2661 602 2726; x_wconf 88' lang='lat' dir='ltr'>Invitati</span> <span class='ocrx_word' id='word_1_182' title='bbox 625 2662 743 2745; x_wconf 86' lang='lat' dir='ltr'>praeda</span> <span class='ocrx_word' id='word_1_183' title='bbox 765 2663 890 2744; x_wconf 81' lang='lat' dir='ltr'>longius</span> <span class='ocrx_word' id='word_1_184' title='bbox 913 2663 1096 2746; x_wconf 89' lang='lat' dir='ltr'>prooedunt.</span> <span class='ocrx_word' id='word_1_185' title='bbox 1141 2665 1214 2730; x_wconf 87' lang='lat' dir='ltr'>Non</span> <span class='ocrx_word' id='word_1_186' title='bbox 1235 2666 1294 2730; x_wconf 89' lang='lat' dir='ltr'>hos</span> <span class='ocrx_word' id='word_1_187' title='bbox 1322 2666 1469 2749; x_wconf 86' lang='lat' dir='ltr'>palusin</span> 
     </span>
     <span class='ocr_line' id='line_1_23' title="bbox 253 2768 1469 2851; baseline 0.003 -18"><span class='ocrx_word' id='word_1_188' title='bbox 253 2768 335 2833; x_wconf 89' lang='lat' dir='ltr'>bello</span> <span class='ocrx_word' id='word_1_189' title='bbox 358 2769 593 2850; x_wconf 88' lang='lat' dir='ltr'>latrooiniisque</span> <span class='ocrx_word' id='word_1_190' title='bbox 616 2771 723 2846; x_wconf 81' lang='lat' dir='ltr'>natea,</span> <span class='ocrx_word' id='word_1_191' title='bbox 745 2788 809 2834; x_wconf 88' lang='lat' dir='ltr'>non</span> <span class='ocrx_word' id='word_1_192' title='bbox 839 2770 936 2835; x_wconf 82' lang='lat' dir='ltr'>silvae</span> <span class='ocrx_word' id='word_1_193' title='bbox 963 2773 1137 2836; x_wconf 86' lang='lat' dir='ltr'>morantur.</span> <span class='ocrx_word' id='word_1_194' title='bbox 1183 2770 1306 2851; x_wconf 82' lang='lat' dir='ltr'>Quibus</span> <span class='ocrx_word' id='word_1_195' title='bbox 1334 2773 1370 2836; x_wconf 89' lang='lat' dir='ltr'>in</span> <span class='ocrx_word' id='word_1_196' title='bbox 1397 2773 1469 2837; x_wconf 87' lang='lat' dir='ltr'>loeis</span> 
     </span>
     <span class='ocr_line' id='line_1_24' title="bbox 254 2874 1470 2962; baseline 0.002 -22"><span class='ocrx_word' id='word_1_197' title='bbox 254 2875 297 2940; x_wconf 88' lang='lat' dir='ltr'>sit</span> <span class='ocrx_word' id='word_1_198' title='bbox 312 2874 438 2952; x_wconf 78' lang='lat' dir='ltr'>Caesar,</span> <span class='ocrx_word' id='word_1_199' title='bbox 461 2893 498 2938; x_wconf 86' lang='lat' dir='ltr'>ex</span> <span class='ocrx_word' id='word_1_200' title='bbox 521 2875 653 2957; x_wconf 82' lang='lat' dir='ltr'>captivis</span> <span class='ocrx_word' id='word_1_201' title='bbox 677 2878 853 2957; x_wconf 78' lang='lat' dir='ltr'>quaerunt3</span> <span class='ocrx_word' id='word_1_202' title='bbox 875 2875 1054 2959; x_wconf 81' lang='lat' dir='ltr'>protentum</span> <span class='ocrx_word' id='word_1_203' title='bbox 1076 2879 1200 2960; x_wconf 80' lang='lat' dir='ltr'>longius</span> <span class='ocrx_word' id='word_1_204' title='bbox 1224 2879 1388 2962; x_wconf 90' lang='lat' dir='ltr'>reperiunt</span> <span class='ocrx_word' id='word_1_205' title='bbox 1411 2897 1470 2943; x_wconf 93' lang='lat' dir='ltr'>om·</span> 
     </span>
    </p>
   </div>
   <div class='ocr_carea' id='block_1_4' title="bbox 205 3051 1470 4457">
    <p class='ocr_par' dir='ltr' id='par_1_4' title="bbox 253 3051 1470 3386">
     <span class='ocr_line' id='line_1_25' title="bbox 254 3051 1470 3122; baseline 0.002 -16"><span class='ocrx_word' id='word_1_206' title='bbox 254 3051 323 3106; x_wconf 84' lang='lat' dir='ltr'>trifft</span> <span class='ocrx_word' id='word_1_207' title='bbox 340 3051 670 3120; x_wconf 84' lang='lat' dir='ltr'>Vorsiohtsmaseregeln“;</span> <span class='ocrx_word' id='word_1_208' title='bbox 698 3053 734 3105; x_wconf 91' lang='lat' dir='ltr'>im</span> <span class='ocrx_word' id='word_1_209' title='bbox 753 3052 903 3107; x_wconf 87' lang='lat' dir='ltr'>Deutsohen</span> <span class='ocrx_word' id='word_1_210' title='bbox 927 3053 992 3107; x_wconf 77' lang='lat' dir='ltr'>whd</span> <span class='ocrx_word' id='word_1_211' title='bbox 1012 3053 1160 3122; x_wconf 71' lang='lat' dir='ltr'>providere</span> <span class='ocrx_word' id='word_1_212' title='bbox 1177 3054 1253 3108; x_wconf 90' lang='lat' dir='ltr'>nioht</span> <span class='ocrx_word' id='word_1_213' title='bbox 1270 3055 1386 3109; x_wconf 81' lang='lat' dir='ltr'>aweimad</span> <span class='ocrx_word' id='word_1_214' title='bbox 1403 3055 1470 3108; x_wconf 82' lang='lat' dir='ltr'>riber-</span> 
     </span>
     <span class='ocr_line' id='line_1_26' title="bbox 254 3139 1470 3210; baseline 0 -16"><span class='ocrx_word' id='word_1_215' title='bbox 254 3143 330 3195; x_wconf 87' lang='lat' dir='ltr'>setat.</span> <span class='ocrx_word' id='word_1_216' title='bbox 351 3170 383 3179; x_wconf 93' lang='lat'>-</span> <span class='ocrx_word' id='word_1_217' title='bbox 403 3147 436 3195; x_wconf 81' lang='lat' dir='ltr'>ot</span> <span class='ocrx_word' id='word_1_218' title='bbox 452 3139 548 3209; x_wconf 79' lang='lat' dir='ltr'>potios</span> <span class='ocrx_word' id='word_1_219' title='bbox 566 3180 606 3194; x_wconf 88' lang='lat'>...</span> <span class='ocrx_word' id='word_1_220' title='bbox 624 3141 905 3210; x_wconf 68' lang='lat' dir='ltr'>praetermitteretur]</span> <span class='ocrx_word' id='word_1_221' title='bbox 923 3141 986 3196; x_wconf 85' lang='lat' dir='ltr'>Man</span> <span class='ocrx_word' id='word_1_222' title='bbox 1005 3141 1128 3196; x_wconf 82' lang='lat' dir='ltr'>suhadete</span> <span class='ocrx_word' id='word_1_223' title='bbox 1141 3142 1195 3197; x_wconf 86' lang='lat' dir='ltr'>also</span> <span class='ocrx_word' id='word_1_224' title='bbox 1214 3143 1295 3198; x_wconf 87' lang='lat' dir='ltr'>lieber</span> <span class='ocrx_word' id='word_1_225' title='bbox 1308 3142 1368 3198; x_wconf 89' lang='lat' dir='ltr'>dem</span> <span class='ocrx_word' id='word_1_226' title='bbox 1381 3142 1470 3198; x_wconf 80' lang='lat' dir='ltr'>Ebinde</span> 
     </span>
     <span class='ocr_line' id='line_1_27' title="bbox 254 3228 1470 3300; baseline 0 -17"><span class='ocrx_word' id='word_1_227' title='bbox 254 3232 334 3283; x_wconf 84' lang='lat' dir='ltr'>etwas</span> <span class='ocrx_word' id='word_1_228' title='bbox 361 3229 481 3298; x_wconf 85' lang='lat' dir='ltr'>weniger.</span> <span class='ocrx_word' id='word_1_229' title='bbox 511 3259 543 3270; x_wconf 86' lang='lat'>-</span> <span class='ocrx_word' id='word_1_230' title='bbox 572 3228 673 3298; x_wconf 81' lang='lat' dir='ltr'>animi]</span> <span class='ocrx_word' id='word_1_231' title='bbox 701 3229 761 3284; x_wconf 84' lang='lat' dir='ltr'>Anl.</span> <span class='ocrx_word' id='word_1_232' title='bbox 780 3229 809 3285; x_wconf 84' lang='lat' dir='ltr'>T.</span> <span class='ocrx_word' id='word_1_233' title='bbox 838 3259 870 3268; x_wconf 88' lang='lat'>-</span> <span class='ocrx_word' id='word_1_234' title='bbox 900 3247 961 3285; x_wconf 77' lang='lat' dir='ltr'>eam</span> <span class='ocrx_word' id='word_1_235' title='bbox 983 3231 1078 3300; x_wconf 80' lang='lat' dir='ltr'>aliquo</span> <span class='ocrx_word' id='word_1_236' title='bbox 1102 3232 1162 3286; x_wconf 80' lang='lat' dir='ltr'>eius</span> <span class='ocrx_word' id='word_1_237' title='bbox 1180 3231 1356 3300; x_wconf 62' lang='lat' dir='ltr'>dommo]</span> <span class='ocrx_word' id='word_1_238' title='bbox 1376 3235 1470 3299; x_wconf 80' lang='lat' dir='ltr'>„natm</span> 
     </span>
     <span class='ocr_line' id='line_1_28' title="bbox 253 3317 764 3386; baseline 0.006 -16"><span class='ocrx_word' id='word_1_239' title='bbox 253 3317 467 3386; x_wconf 80' lang='lat' dir='ltr'>irgendweiohem</span> <span class='ocrx_word' id='word_1_240' title='bbox 485 3317 608 3372; x_wconf 83' lang='lat' dir='ltr'>Naohteil</span> <span class='ocrx_word' id='word_1_241' title='bbox 627 3317 668 3371; x_wconf 81' lang='lat' dir='ltr'>fur</span> <span class='ocrx_word' id='word_1_242' title='bbox 686 3318 764 3373; x_wconf 91' lang='lat' dir='ltr'>ihn“.</span> 
     </span>
    </p>

    <p class='ocr_par' dir='ltr' id='par_1_5' title="bbox 254 3407 1470 3652">
     <span class='ocr_line' id='line_1_29' title="bbox 327 3407 1470 3478; baseline 0.002 -16"><span class='ocrx_word' id='word_1_243' title='bbox 327 3417 350 3462; x_wconf 82' lang='lat'>8.</span> <span class='ocrx_word' id='word_1_244' title='bbox 369 3407 472 3475; x_wconf 76' lang='lat' dir='ltr'>emeat]</span> <span class='ocrx_word' id='word_1_245' title='bbox 490 3407 523 3474; x_wconf 81' lang='lat' dir='ltr'>V,</span> <span class='ocrx_word' id='word_1_246' title='bbox 542 3408 567 3473; x_wconf 80' lang='lat'>4,</span> <span class='ocrx_word' id='word_1_247' title='bbox 587 3408 612 3460; x_wconf 79' lang='lat'>2.</span> <span class='ocrx_word' id='word_1_248' title='bbox 632 3435 665 3447; x_wconf 91' lang='lat'><em>-</em></span> <span class='ocrx_word' id='word_1_249' title='bbox 685 3407 885 3476; x_wconf 76' lang='lat' dir='ltr'>circumfundi]</span> <span class='ocrx_word' id='word_1_250' title='bbox 905 3409 1220 3478; x_wconf 70' lang='lat' dir='ltr'>„ringsherbeistrbmem</span> <span class='ocrx_word' id='word_1_251' title='bbox 1245 3410 1301 3464; x_wconf 86' lang='lat' dir='ltr'>sioh</span> <span class='ocrx_word' id='word_1_252' title='bbox 1318 3411 1470 3466; x_wconf 71' lang='lat' dir='ltr'>herandrirr</span> 
     </span>
     <span class='ocr_line' id='line_1_30' title="bbox 254 3495 1470 3566; baseline 0.003 -18"><span class='ocrx_word' id='word_1_253' title='bbox 254 3496 336 3563; x_wconf 84' lang='lat' dir='ltr'>gen“.</span> <span class='ocrx_word' id='word_1_254' title='bbox 346 3525 380 3534; x_wconf 92' lang='grc'>-</span> <span class='ocrx_word' id='word_1_255' title='bbox 396 3497 473 3564; x_wconf 77' lang='lat' dir='ltr'>tatis]</span> <span class='ocrx_word' id='word_1_256' title='bbox 487 3495 554 3550; x_wconf 87' lang='lat' dir='ltr'>Wir</span> <span class='ocrx_word' id='word_1_257' title='bbox 568 3497 660 3550; x_wconf 83' lang='lat' dir='ltr'>weisen</span> <span class='ocrx_word' id='word_1_258' title='bbox 675 3497 721 3550; x_wconf 84' lang='lat' dir='ltr'>auf</span> <span class='ocrx_word' id='word_1_259' title='bbox 731 3497 881 3550; x_wconf 86' lang='lat' dir='ltr'>Bokanntes</span> <span class='ocrx_word' id='word_1_260' title='bbox 894 3497 922 3551; x_wconf 93' lang='lat' dir='ltr'>in</span> <span class='ocrx_word' id='word_1_261' title='bbox 935 3497 1050 3566; x_wconf 85' lang='lat' dir='ltr'>gleiehor</span> <span class='ocrx_word' id='word_1_262' title='bbox 1057 3497 1144 3552; x_wconf 80' lang='lat' dir='ltr'>Weiss</span> <span class='ocrx_word' id='word_1_263' title='bbox 1157 3499 1240 3552; x_wconf 81' lang='lat' dir='ltr'>durch</span> <span class='ocrx_word' id='word_1_264' title='bbox 1255 3499 1357 3566; x_wconf 86' lang='lat' dir='ltr'>„sein“</span> <span class='ocrx_word' id='word_1_265' title='bbox 1376 3499 1429 3552; x_wconf 90' lang='lat' dir='ltr'>hin.</span> <span class='ocrx_word' id='word_1_266' title='bbox 1438 3532 1470 3543; x_wconf 91' lang='lat'>-</span> 
     </span>
     <span class='ocr_line' id='line_1_31' title="bbox 254 3583 641 3652; baseline 0.003 -14"><span class='ocrx_word' id='word_1_267' title='bbox 254 3583 358 3650; x_wconf 76' lang='lat' dir='ltr'>tollore]</span> <span class='ocrx_word' id='word_1_268' title='bbox 377 3583 434 3637; x_wconf 88' lang='lat' dir='ltr'>Wir</span> <span class='ocrx_word' id='word_1_269' title='bbox 452 3587 641 3652; x_wconf 85' lang='lat' dir='ltr'>„ausrotteu“.</span> 
     </span>
    </p>

    <p class='ocr_par' dir='ltr' id='par_1_6' title="bbox 254 3670 1470 3919">
     <span class='ocr_line' id='line_1_32' title="bbox 325 3670 1469 3744; baseline 0.002 -18"><span class='ocrx_word' id='word_1_270' title='bbox 325 3670 403 3741; x_wconf 66' lang='grc' dir='ltr'>Καρ.</span> <span class='ocrx_word' id='word_1_271' title='bbox 422 3673 468 3728; x_wconf 75' lang='lat' dir='ltr'>ab.</span> <span class='ocrx_word' id='word_1_272' title='bbox 509 3687 583 3728; x_wconf 79' lang='lat' dir='ltr'>1-e.</span> <span class='ocrx_word' id='word_1_273' title='bbox 603 3675 744 3744; x_wconf 77' lang='lat' dir='ltr'>appetere]</span> <span class='ocrx_word' id='word_1_274' title='bbox 769 3675 836 3728; x_wconf 83' lang='lat' dir='ltr'>wird</span> <span class='ocrx_word' id='word_1_275' title='bbox 852 3691 911 3729; x_wconf 87' lang='lat' dir='ltr'>vom</span> <span class='ocrx_word' id='word_1_276' title='bbox 928 3675 1104 3731; x_wconf 83' lang='lat' dir='ltr'>Herannahen</span> <span class='ocrx_word' id='word_1_277' title='bbox 1122 3677 1168 3730; x_wconf 87' lang='lat' dir='ltr'>der</span> <span class='ocrx_word' id='word_1_278' title='bbox 1186 3677 1245 3730; x_wconf 86' lang='lat' dir='ltr'>Zeit</span> <span class='ocrx_word' id='word_1_279' title='bbox 1263 3677 1414 3732; x_wconf 83' lang='lat' dir='ltr'>intransitiv</span> <span class='ocrx_word' id='word_1_280' title='bbox 1430 3692 1469 3744; x_wconf 68' lang='lat' dir='ltr'>ge</span> 
     </span>
     <span class='ocr_line' id='line_1_33' title="bbox 254 3760 1470 3834; baseline 0.004 -20"><span class='ocrx_word' id='word_1_281' title='bbox 254 3760 375 3815; x_wconf 78' lang='lat' dir='ltr'>hraucht</span> <span class='ocrx_word' id='word_1_282' title='bbox 390 3789 424 3799; x_wconf 95' lang='lat'><em>—</em></span> <span class='ocrx_word' id='word_1_283' title='bbox 444 3761 535 3831; x_wconf 70' lang='lat' dir='ltr'>cosas]</span> <span class='ocrx_word' id='word_1_284' title='bbox 555 3763 784 3830; x_wconf 79' lang='lat' dir='ltr'>„Waohselftlle“.</span> <span class='ocrx_word' id='word_1_285' title='bbox 800 3793 834 3802; x_wconf 90' lang='lat'><em>-</em></span> <span class='ocrx_word' id='word_1_286' title='bbox 852 3780 966 3819; x_wconf 68' lang='lat' dir='ltr'>emnam</span> <span class='ocrx_word' id='word_1_287' title='bbox 984 3764 1105 3834; x_wconf 78' lang='lat' dir='ltr'>adferre]</span> <span class='ocrx_word' id='word_1_288' title='bbox 1121 3764 1234 3832; x_wconf 84' lang='lat' dir='ltr'>„Anlass</span> <span class='ocrx_word' id='word_1_289' title='bbox 1247 3767 1367 3834; x_wconf 82' lang='lat' dir='ltr'>geben“;</span> <span class='ocrx_word' id='word_1_290' title='bbox 1386 3781 1470 3834; x_wconf 75' lang='lat' dir='ltr'>vogen</span> 
     </span>
     <span class='ocr_line' id='line_1_34' title="bbox 255 3848 924 3919; baseline 0.007 -16"><span class='ocrx_word' id='word_1_291' title='bbox 255 3850 301 3904; x_wconf 86' lang='lat' dir='ltr'>des</span> <span class='ocrx_word' id='word_1_292' title='bbox 319 3848 491 3919; x_wconf 80' lang='lat' dir='ltr'>Imperfektes</span> <span class='ocrx_word' id='word_1_293' title='bbox 510 3867 531 3905; x_wconf 88' lang='lat' dir='ltr'>s.</span> <span class='ocrx_word' id='word_1_294' title='bbox 549 3867 621 3919; x_wconf 79' lang='lat' dir='ltr'>qaue</span> <span class='ocrx_word' id='word_1_295' title='bbox 698 3857 767 3907; x_wconf 73' lang='lat' dir='ltr'>treet</span> <span class='ocrx_word' id='word_1_296' title='bbox 784 3853 816 3919; x_wconf 80' lang='lat' dir='ltr'>V,</span> <span class='ocrx_word' id='word_1_297' title='bbox 835 3853 879 3919; x_wconf 78' lang='lat'>42,</span> <span class='ocrx_word' id='word_1_298' title='bbox 899 3853 924 3908; x_wconf 86' lang='lat'>3.</span> 
     </span>
    </p>

    <p class='ocr_par' dir='ltr' id='par_1_7' title="bbox 254 3939 1469 4100">
     <span class='ocr_line' id='line_1_35' title="bbox 327 3939 1469 4012; baseline 0.004 -21"><span class='ocrx_word' id='word_1_299' title='bbox 327 3951 386 3992; x_wconf 73' lang='lat' dir='ltr'>tu.</span> <span class='ocrx_word' id='word_1_300' title='bbox 407 3951 430 3991; x_wconf 82' lang='lat' dir='ltr'>a.</span> <span class='ocrx_word' id='word_1_301' title='bbox 458 3939 498 3993; x_wconf 79' lang='lat' dir='ltr'>ad</span> <span class='ocrx_word' id='word_1_302' title='bbox 520 3940 670 4010; x_wconf 77' lang='lat' dir='ltr'>praedam]</span> <span class='ocrx_word' id='word_1_303' title='bbox 697 3965 733 3986; x_wconf 83' lang='lat'>==</span> <span class='ocrx_word' id='word_1_304' title='bbox 751 3941 790 3995; x_wconf 77' lang='lat' dir='ltr'>aa</span> <span class='ocrx_word' id='word_1_305' title='bbox 812 3941 1018 4010; x_wconf 76' lang='lat' dir='ltr'>praedandam.</span> <span class='ocrx_word' id='word_1_306' title='bbox 1045 3973 1079 3982; x_wconf 89' lang='lat'><em>-</em></span> <span class='ocrx_word' id='word_1_307' title='bbox 1106 3943 1216 4012; x_wconf 64' lang='lat' dir='ltr'>maort]</span> <span class='ocrx_word' id='word_1_308' title='bbox 1235 3943 1328 3998; x_wconf 84' lang='lat' dir='ltr'>Maehe</span> <span class='ocrx_word' id='word_1_309' title='bbox 1344 3943 1394 3998; x_wconf 87' lang='lat' dir='ltr'>den</span> <span class='ocrx_word' id='word_1_310' title='bbox 1412 3943 1469 3996; x_wconf 84' lang='lat' dir='ltr'>Sata</span> 
     </span>
     <span class='ocr_line' id='line_1_36' title="bbox 254 4027 1422 4100; baseline 0.003 -18"><span class='ocrx_word' id='word_1_311' title='bbox 254 4027 354 4098; x_wconf 72' lang='lat' dir='ltr'>passis!</span> <span class='ocrx_word' id='word_1_312' title='bbox 375 4057 407 4066; x_wconf 88' lang='lat'>-</span> <span class='ocrx_word' id='word_1_313' title='bbox 427 4043 460 4082; x_wconf 77' lang='lat' dir='ltr'>aa</span> <span class='ocrx_word' id='word_1_314' title='bbox 476 4027 558 4097; x_wconf 78' lang='lat' dir='ltr'>sapa]</span> <span class='ocrx_word' id='word_1_315' title='bbox 576 4032 674 4084; x_wconf 84' lang='lat' dir='ltr'>ersetre</span> <span class='ocrx_word' id='word_1_316' title='bbox 693 4030 775 4084; x_wconf 88' lang='lat' dir='ltr'>durah</span> <span class='ocrx_word' id='word_1_317' title='bbox 793 4031 835 4084; x_wconf 84' lang='lat' dir='ltr'>eiu</span> <span class='ocrx_word' id='word_1_318' title='bbox 853 4031 927 4099; x_wconf 65' lang='lat' dir='ltr'>nup!</span> <span class='ocrx_word' id='word_1_319' title='bbox 946 4060 980 4071; x_wconf 97' lang='lat'>—</span> <span class='ocrx_word' id='word_1_320' title='bbox 998 4033 1099 4100; x_wconf 79' lang='lat' dir='ltr'>recipi]</span> <span class='ocrx_word' id='word_1_321' title='bbox 1119 4032 1289 4099; x_wconf 80' lang='lat' dir='ltr'>„Auinahme</span> <span class='ocrx_word' id='word_1_322' title='bbox 1306 4031 1422 4086; x_wconf 87' lang='lat' dir='ltr'>fiudeu“.</span> 
     </span>
    </p>

    <p class='ocr_par' dir='ltr' id='par_1_8' title="bbox 254 4117 1470 4282">
     <span class='ocr_line' id='line_1_37' title="bbox 328 4117 1470 4190; baseline 0.002 -20"><span class='ocrx_word' id='word_1_323' title='bbox 328 4128 385 4170; x_wconf 74' lang='lat' dir='ltr'>tn.</span> <span class='ocrx_word' id='word_1_324' title='bbox 408 4129 430 4169; x_wconf 80' lang='lat' dir='ltr'>a.</span> <span class='ocrx_word' id='word_1_325' title='bbox 446 4117 552 4185; x_wconf 71' lang='lat' dir='ltr'>primm</span> <span class='ocrx_word' id='word_1_326' title='bbox 629 4119 706 4189; x_wconf 70' lang='lat' dir='ltr'>pines]</span> <span class='ocrx_word' id='word_1_327' title='bbox 734 4120 782 4174; x_wconf 86' lang='lat' dir='ltr'>das</span> <span class='ocrx_word' id='word_1_328' title='bbox 809 4119 889 4175; x_wconf 88' lang='lat' dir='ltr'>ihnen</span> <span class='ocrx_word' id='word_1_329' title='bbox 914 4121 1042 4174; x_wconf 76' lang='lat' dir='ltr'>auntohst</span> <span class='ocrx_word' id='word_1_330' title='bbox 1067 4121 1186 4190; x_wconf 82' lang='lat' dir='ltr'>liegende</span> <span class='ocrx_word' id='word_1_331' title='bbox 1213 4119 1308 4176; x_wconf 82' lang='lat' dir='ltr'>Gebiet</span> <span class='ocrx_word' id='word_1_332' title='bbox 1334 4121 1379 4174; x_wconf 82' lang='lat' dir='ltr'>dar</span> <span class='ocrx_word' id='word_1_333' title='bbox 1405 4120 1470 4174; x_wconf 85' lang='lat' dir='ltr'>Ebu·</span> 
     </span>
     <span class='ocr_line' id='line_1_38' title="bbox 254 4206 1468 4282; baseline 0.005 -23"><span class='ocrx_word' id='word_1_334' title='bbox 254 4223 343 4260; x_wconf 84' lang='lat' dir='ltr'>ronan.</span> <span class='ocrx_word' id='word_1_335' title='bbox 371 4234 406 4244; x_wconf 84' lang='lat'>-</span> <span class='ocrx_word' id='word_1_336' title='bbox 432 4206 513 4260; x_wconf 79' lang='lat' dir='ltr'>malti</span> <span class='ocrx_word' id='word_1_337' title='bbox 540 4222 572 4260; x_wconf 81' lang='lat' dir='ltr'>aa</span> <span class='ocrx_word' id='word_1_338' title='bbox 597 4206 668 4276; x_wconf 75' lang='lat' dir='ltr'>faya</span> <span class='ocrx_word' id='word_1_339' title='bbox 695 4208 824 4278; x_wconf 77' lang='lat' dir='ltr'>dispersi]</span> <span class='ocrx_word' id='word_1_340' title='bbox 852 4208 937 4275; x_wconf 84' lang='lat' dir='ltr'>„viole</span> <span class='ocrx_word' id='word_1_341' title='bbox 955 4208 1122 4278; x_wconf 81' lang='lat' dir='ltr'>Eliiobtlinge</span> <span class='ocrx_word' id='word_1_342' title='bbox 1145 4210 1199 4264; x_wconf 88' lang='lat' dir='ltr'>und</span> <span class='ocrx_word' id='word_1_343' title='bbox 1218 4210 1419 4282; x_wconf 63' lang='lat' dir='ltr'>nempmngte‘fi</span> <span class='ocrx_word' id='word_1_344' title='bbox 1437 4237 1468 4248; x_wconf 88' lang='lat'>-</span> 
     </span>
    </p>

    <p class='ocr_par' dir='ltr' id='par_1_9' title="bbox 205 4293 1470 4457">
     <span class='ocr_line' id='line_1_39' title="bbox 205 4293 1470 4366; baseline -0.001 -17"><span class='ocrx_word' id='word_1_345' title='bbox 205 4327 206 4332; x_wconf 22' lang='grc' dir='ltr'><strong>κ</strong></span> <span class='ocrx_word' id='word_1_346' title='bbox 254 4293 395 4361; x_wconf 65' lang='lat' dir='ltr'>nummus]</span> <span class='ocrx_word' id='word_1_347' title='bbox 414 4293 446 4360; x_wconf 84' lang='lat' dir='ltr'>V,</span> <span class='ocrx_word' id='word_1_348' title='bbox 460 4294 503 4361; x_wconf 84' lang='lat'>21,</span> <span class='ocrx_word' id='word_1_349' title='bbox 517 4295 543 4348; x_wconf 80' lang='lat'>2.</span> <span class='ocrx_word' id='word_1_350' title='bbox 564 4325 597 4334; x_wconf 95' lang='lat'>-</span> <span class='ocrx_word' id='word_1_351' title='bbox 615 4296 746 4366; x_wconf 64' lang='lat' dir='ltr'>mptdaee]</span> <span class='ocrx_word' id='word_1_352' title='bbox 766 4297 899 4366; x_wconf 78' lang='lat' dir='ltr'>‚‚giorig“.</span> <span class='ocrx_word' id='word_1_353' title='bbox 919 4327 953 4336; x_wconf 87' lang='lat'>·-</span> <span class='ocrx_word' id='word_1_354' title='bbox 972 4297 1135 4366; x_wconf 73' lang='lat' dir='ltr'>dieemsisaa]</span> <span class='ocrx_word' id='word_1_355' title='bbox 1152 4297 1219 4353; x_wconf 74' lang='lat' dir='ltr'>Deis</span> <span class='ocrx_word' id='word_1_356' title='bbox 1233 4298 1290 4353; x_wconf 82' lang='lat' dir='ltr'>dies</span> <span class='ocrx_word' id='word_1_357' title='bbox 1307 4298 1379 4366; x_wconf 83' lang='lat' dir='ltr'>nieht</span> <span class='ocrx_word' id='word_1_358' title='bbox 1392 4296 1470 4352; x_wconf 77' lang='lat' dir='ltr'>haifst</span> 
     </span>
     <span class='ocr_line' id='line_1_40' title="bbox 256 4383 933 4457; baseline 0.004 -19"><span class='ocrx_word' id='word_1_359' title='bbox 256 4383 335 4451; x_wconf 83' lang='lat' dir='ltr'>„siah</span> <span class='ocrx_word' id='word_1_360' title='bbox 352 4383 447 4452; x_wconf 71' lang='lat' dir='ltr'>getailt</span> <span class='ocrx_word' id='word_1_361' title='bbox 464 4383 580 4451; x_wconf 87' lang='lat' dir='ltr'>haban“,</span> <span class='ocrx_word' id='word_1_362' title='bbox 599 4385 671 4439; x_wconf 88' lang='lat' dir='ltr'>lehrt</span> <span class='ocrx_word' id='word_1_363' title='bbox 688 4390 745 4440; x_wconf 84' lang='lat' dir='ltr'>eret</span> <span class='ocrx_word' id='word_1_364' title='bbox 762 4385 828 4457; x_wconf 85' lang='lat' dir='ltr'>Kap.</span> <span class='ocrx_word' id='word_1_365' title='bbox 847 4387 890 4452; x_wconf 81' lang='lat'>39,</span> <span class='ocrx_word' id='word_1_366' title='bbox 908 4387 933 4440; x_wconf 84' lang='lat'>4.</span> 
     </span>
    </p>
   </div>
   <div class='ocr_carea' id='block_1_5' title="bbox 0 0 1554 4916">
    <p class='ocr_par' dir='ltr' id='par_1_10' title="bbox 0 0 1554 4916">
     <span class='ocr_line' id='line_1_41' title="bbox 0 0 1554 4916; baseline 0 0"><span class='ocrx_word' id='word_1_367' title='bbox 0 0 1554 4916; x_wconf 95' lang='lat' dir='ltr'> </span> 
     </span>
    </p>
   </div>
  </div>
 </body>
</html>
