3172 4922
242 359 278 420 78
734 357 774 411 De
791 357 860 412 bello
878 355 977 412 Gallim

219 523 366 588 erenmt.
412 519 499 600 Quos
528 518 659 596 Caesar,
688 520 726 583 ut
756 519 790 582 in
818 518 951 582 miseros
984 536 1021 582 ao
1050 516 1208 600 supplioes
1238 533 1317 580 usus
1348 515 1480 580 miseri·

244 629 351 695 oordie
373 627 547 704 videretur,
578 625 820 708 diligentissime
849 624 1049 689 oonservovit
1076 623 1205 704 suisque
1233 621 1349 686 finibus
1373 623 1479 704 atque

244 734 366 819 oppidis
389 733 439 798 nti
460 733 556 798 iussit
579 735 612 796 et
633 731 777 796 finitimis
801 731 978 815 imperavit,
1001 733 1039 794 ut
1062 731 1101 794 ab
1124 728 1240 793 iniuria
1264 729 1297 793 et
1316 728 1482 793 malefioio·

245 861 279 907 so
303 859 441 922 suosque
464 839 677 923 prohiberent.

191 952 234 1014 29
331 948 535 1026 Aduatuci,
560 945 599 1010 de
624 945 738 1026 quibus
763 944 1081 1028 suprascripsimus,
1108 961 1182 1006 oum
1205 942 1351 1006 omnibns
1374 941 1483 1025 eopiis

245 1055 360 1119 anxilio
383 1053 509 1118 Nerviis
538 1053 697 1129 venirent,
726 1051 788 1116 heo
817 1069 925 1134 pugna
953 1051 1103 1114 nuntiate
1133 1068 1170 1113 ex
1198 1049 1311 1112 itinere
1342 1047 1476 1112 domum

219 1162 462 1234 ereverterunt3
498 1158 621 1224 eunetis
651 1157 773 1241 oppidis
804 1157 1008 1239 oestellisque
1041 1155 1173 1221 desertis
1208 1173 1268 1220 suu
1299 1155 1406 1219 omniu
1427 1154 1480 1232 ¹in

220 1287 346 1332 sunum
374 1265 525 1350 oppidum
553 1265 679 1346 egregie
701 1267 818 1328 nature
841 1263 1002 1329 munitum
1025 1263 1237 1328 contulerunt.
1284 1260 1375 1340 Quod
1399 1280 1480 1326 oum

245 1393 284 1439 ex
310 1374 456 1438 omnibus
484 1373 518 1436 in
545 1372 681 1436 eireuitu
703 1372 848 1454 partibus
873 1370 1047 1435 altissimas
1070 1387 1166 1452 rupes
1189 1368 1393 1450 deieotnsque
1416 1368 1481 1432 ha-

244 1481 343 1557 beret,
366 1497 431 1544 unu
455 1497 493 1543 ex
514 1480 606 1561 purte
625 1478 740 1542 leniter
756 1477 883 1542 ooolivis
907 1476 1014 1542 aditus
1037 1477 1070 1540 in
1092 1475 1297 1540 latitudinem
1319 1492 1383 1538 non
1406 1493 1477 1538 am·

245 1587 329 1670 plius
354 1586 565 1650 ducentorum
584 1585 703 1667 pedum
722 1585 972 1666 relinquebatur,
997 1601 1092 1665 quem
1114 1582 1220 1646 loeum
1243 1581 1362 1664 duplioi
1385 1581 1485 1644 altis-
1577 1585 1578 1634 3

247 1693 326 1757 simo
355 1711 447 1757 muro
477 1691 677 1765 munierant;
708 1692 779 1755 tum
810 1691 919 1773 magni
946 1689 1094 1774 ponderis
1122 1707 1199 1752 sexo
1226 1690 1259 1753 et
1284 1689 1478 1771 praeacutos

221 1800 353 1864 strabos
383 1799 417 1862 in
445 1817 538 1862 muro
569 1797 775 1862 oollooobont.
820 1797 887 1880 Ipsi
915 1799 1007 1862 erent
1034 1815 1072 1862 er
1095 1794 1231 1861 Cimbris
1258 1795 1483 1876 Teutonisque
1577 1801 1578 1838 ὲ

246 1905 407 1990 prognati,
436 1905 504 1986 qui,
533 1923 607 1969 oum
633 1904 695 1968 iter
716 1905 751 1969 in
773 1905 968 1988 provinciam
989 1905 1133 1968 nostrum
1156 1904 1254 1984 atque
1275 1900 1405 1965 Italiam
1428 1900 1479 1964 fa·

248 2014 370 2090 nerent,
397 2012 436 2075 iis
460 2010 709 2096 impedimentis5
737 2029 819 2093 quoe
844 2029 952 2074 seeum
975 2028 1068 2093 ogere
1092 2011 1278 2092 adportare
1301 2009 1483 2090 nonpote·

246 2121 330 2196 rent,
352 2119 433 2183 nitro
455 2117 576 2182 fiumen
596 2118 745 2182 Rhenum
769 2117 919 2200 depositis
943 2117 1120 2182 custodiam
1145 2134 1183 2180 ex
1206 2115 1273 2179 suis
1297 2133 1334 2179 ao
1355 2115 1478 2196 preesi-

223 2225 337 2290 odium
360 2243 414 2290 sex
437 2225 526 2288 milia
548 2224 714 2289 hominum
733 2243 798 2289 una
813 2224 1020 2306 reliquerunt.
1058 2223 1101 2286 Hi
1123 2223 1197 2305 post
1220 2239 1330 2286 eorum
1352 2221 1478 2285 obitum
1577 2203 1578 2208 ἵ

248 2331 367 2396 multos
399 2345 497 2395 annos
529 2349 549 2394 o
577 2329 721 2394 finitimis
753 2331 917 2412 exagitati,
948 2349 1022 2396 oum
1054 2329 1132 2394 alias
1162 2329 1283 2394 bellum
1311 2326 1483 2404 inferrent

323 2555 345 2596 t.
364 2542 684 2610 nudiustertianum.
704 2572 738 2580 -—
758 2541 910 2611 videretur]
932 2542 1038 2610 „demit
1051 2557 1112 2594 mon
1127 2540 1196 2608 sehe,
1215 2539 1273 2594 dale
1285 2537 1344 2594 er“.
1361 2567 1393 2578 -
1414 2553 1483 2594 eore-

248 2646 357 2686 eeroaro
375 2631 459 2700 alqm]
478 2631 536 2684 hier
555 2631 634 2698 „sioh
646 2629 781 2699 jemandes
795 2629 972 2685 anuehmen“.
992 2658 1027 2668 —
1045 2630 1148 2697 pinibus
1165 2629 1233 2682 meis
1250 2627 1324 2697 utor]
1344 2627 1409 2695 „ioh
1423 2643 1480 2681 ver·

248 2719 334 2773 bleibe
352 2720 380 2773 in
397 2720 508 2774 meinem
525 2718 645 2772 Lende“.
665 2748 699 2757 -
717 2719 840 2786 doberto]
858 2719 881 2787 Ι,
895 2719 919 2785 7,
939 2719 964 2774 5.
983 2754 1019 2764 -
1036 2717 1212 2786 maleficium]
1231 2716 1253 2784 Ι,
1273 2716 1297 2784 7,
1316 2717 1342 2770 3.
1363 2742 1396 2754 -·
1411 2732 1484 2785 pro-
1577 2737 1578 2748 ¹

249 2808 352 2876 neree]
372 2808 579 2877 ‚omnnem
598 2823 626 2862 se
639 2807 786 2876 proterere
805 2797 909 2862 anem
928 2810 990 2877 sagr
1007 2825 1068 2862 man
1086 2807 1168 2861 necne.
1577 2791 1578 2830 r

659 2945 684 2995 8.
698 2945 850 2995 Absolmitt:
869 2947 934 3008 Rsp.
953 2944 1066 2994 29-88.

320 3038 400 3107 Kop.
418 3038 466 3095 29.
512 3051 567 3094 tu.
589 3051 612 3094 2.
638 3041 671 3095 de
696 3040 795 3110 quous
815 3079 821 3092 .
840 3079 845 3092 .
864 3080 869 3092 .
889 3038 1057 3109 scripsimus]
1079 3038 1198 3093 seribere
1223 3061 1259 3081 =
1278 3035 1486 3104 ,‚erwtlrnen“;
1577 3073 1578 3084 ,

249 3127 376 3196 beseitige
401 3127 451 3190 don
469 3128 645 3183 Relativsotz!
674 3157 707 3167 -
737 3144 770 3182 ero
792 3126 904 3197 ttinere]
929 3127 999 3181 Wir
1024 3115 1148 3195 „mitten
1166 3127 1213 3180 eui
1234 3126 1292 3179 dem
1310 3124 1423 3194 Wege“.
1443 3152 1479 3164 -

249 3215 385 3285 muretus]
405 3217 506 3284 „fest“.
600 3271 603 3278 ,
757 3225 761 3233 ’

325 3317 347 3359 a.
367 3305 441 3374 mm]
461 3305 637 3372 ,‚wenr0nu⁴‘.
661 3289 705 3345 -'
718 3307 751 3359 es
770 3305 901 3373 ornere]
920 3305 949 3373 r,
967 3306 1017 3372 21,
1038 3306 1062 3360 1.
1082 3335 1116 3344 -
1141 3319 1175 3360 ex
1196 3304 1321 3358 omnem
1335 3301 1480 3373 poeseos]

250 3392 624 3462 uters„aura110nourtgon
638 3393 759 3449 setene
779 3423 812 3433 -
833 3393 964 3462 essaeus]
984 3393 1115 3461 ,puroet
1128 3393 1261 3448 wetere
1282 3378 1316 3430 -'
1334 3391 1367 3445 su
1381 3391 1484 3446 urere

155 3539 157 3544 ,
250 3481 355 3549 dinem]
373 3483 479 3536 bhnlioh
496 3483 544 3536 wie
562 3483 594 3536 in
612 3482 789 3538 altitudinem
807 3483 829 3550 I,
843 3484 869 3550 8,
889 3484 922 3544 1.,
939 3513 972 3520 -
1001 3482 1070 3550 tum]
1095 3482 1169 3536 fuhrt
1187 3481 1229 3536 die
1248 3480 1409 3549 Mulsregelu
1428 3480 1483 3546 ein,
1577 3539 1578 3568 Χ

251 3569 293 3624 die
312 3571 350 3623 sie
365 3571 434 3639 jettt
452 3571 519 3624 noch
537 3572 639 3626 treffen.
1577 3569 1578 3584 ¹

324 3671 348 3713 ⁴.
367 3661 429 3728 qui,
452 3661 526 3728 rom]
551 3658 617 3714 Gieb
642 3660 691 3714 den
715 3660 842 3714 relativen
860 3659 1003 3714 Ansehluls
1021 3659 1079 3713 eui!
1108 3689 1143 3698 -
1170 3661 1225 3714 iter
1241 3657 1335 3725 farere
1352 3657 1396 3727 in]
1419 3657 1481 3725 (mit

251 3747 355 3813 Aecus.)
375 3749 453 3815 „sioh
471 3749 517 3802 uui
529 3749 579 3803 den
592 3749 659 3818 Weg
676 3749 785 3802 machon
803 3748 903 3802 naeh“.
923 3778 956 3788 -
975 3747 1065 3817 apere]
1085 3747 1230 3815 „fdhren“.
1250 3775 1285 3784 -
1304 3747 1433 3802 mesterlin
1447 3762 1485 3801 ao
1577 3751 1578 3760 ’

248 3837 434 3906 pambon]
454 3837 497 3891 Sie
514 3838 610 3892 hatten
627 3837 702 3891 nieht
719 3853 771 3892 nur
783 3837 831 3890 wie
849 3837 906 3892 eine
919 3837 1017 3891 Weehe
1030 3837 1077 3890 auf
1088 3837 1197 3906 etwaige
1211 3835 1310 3891 Gelahr
1328 3853 1360 3890 zu
1374 3836 1483 3902 rohten,

252 3925 365 3980 sondem
382 3926 502 3980 bildeten
519 3927 586 3980 euoh
605 3926 689 3981 selbot
707 3927 749 3993 die
766 3926 931 3995 Bedeelrung.
952 3953 985 3964 --
1004 3941 1038 3981 eo
1050 3925 1120 3994 suis]
1134 3925 1258 3986 verbinde
1271 3925 1324 3978 mit
1335 3940 1383 3980 sex
1398 3924 1483 3978 milia

251 4015 409 4070 meon!
427 4045 460 4055 -
488 4017 559 4084 ona]
579 4016 622 4070 su
639 4015 734 4070 neuen
752 4015 823 4068 tuse
841 3999 923 4068 sonu
940 4015 1182 4084 gemeinsenafttim
1200 4015 1309 4080 eurum
1338 4014 1377 4068 ut
1396 4008 1484 4068 retest

252 4107 377 4159 eonem
395 4105 452 4159 sion
470 4105 585 4159 runnu
604 4095 651 4158 tur
666 4105 742 4158 uren
759 4103 867 4172 weges
1268 4090 1271 4094 ’

326 4206 349 4247 t.
368 4193 472 4262 obitos]
491 4195 566 4248 steht
584 4195 668 4248 selten
687 4209 745 4247 vom
759 4192 930 4262 Untergenge
949 4194 1020 4248 einos
1038 4210 1138 4262 genten
1151 4193 1255 4248 Volkes.
1275 4221 1309 4230 -
1328 4189 1484 4262 cooptati}
1577 4241 1578 4244 ,

251 4279 323 4348 (Ant.
341 4281 381 4347 F).
417 4282 465 4336 Bei
483 4283 567 4336 ihrem
580 4283 739 4350 Bestreben‚
759 4281 822 4335 sich·
834 4282 876 4335 ein
894 4281 1023 4350 grbiseres
1042 4280 1138 4337 Gebiot
1156 4299 1188 4336 nu
1208 4281 1354 4347 eruerben,
1372 4279 1481 4334 worden
1577 4271 1578 4280 ¹

252 4371 290 4426 sie
309 4371 356 4425 uio
374 4371 417 4425 oin
430 4371 503 4426 Wild
521 4371 729 4440 umbergehetzt,
747 4370 835 4424 indem
849 4371 887 4424 sie
905 4371 967 4425 bald
979 4371 1154 4441 kriegerisehe
1165 4370 1278 4426 Einlblle
1290 4369 1319 4424 in
1338 4370 1380 4424 die
1394 4368 1483 4424 Neob-
