3086 4920
537 364 635 420 Comm.
653 365 713 435 VH,
731 384 753 422 o.
772 367 886 424 54-56.
1272 370 1326 432 289

83 521 199 602 Quam
223 524 265 588 ad
296 543 385 607 spem
413 526 555 591 multum
586 546 639 592 eos
669 528 856 608 adiuvabat,
892 531 976 612 quod
1005 531 1100 615 Liger
1130 553 1168 598 ex
1196 535 1322 602 nivibus
1337 555 1366 597 ro

83 632 246 708 ereverat,
262 629 307 694 'ut
330 632 457 697 omnino
480 633 560 698 vado
583 653 648 698 nen
670 654 763 717 pesse
786 637 918 701 transiri
940 637 1108 704 videretur.

181 735 306 816 Quibus
340 739 436 804 rebus
467 741 601 823 cognitis
632 741 751 808 Caesar
779 745 1009 810 maturandum
1041 747 1102 811 sibi
1125 750 1263 827 uenerat,
1295 750 1322 814 si
1331 752 1375 813 56

83 845 179 908 esset
202 844 236 906 in
258 843 458 927 perficiendis
480 847 631 930 pontibus
647 849 902 931 periclitandum,
926 853 963 916 ut
977 852 1075 934 prius,
1100 872 1197 935 quam
1214 858 1322 920 essent

82 951 229 1015 maiores
261 969 297 1015 eo
327 953 454 1017 coactae
484 953 606 1037 eopiae,
637 954 813 1020 dimiearet.
859 957 944 1022 Nam
967 962 1005 1023 ut
1028 963 1224 1026 eommutato
1248 978 1347 1027 eon-2

83 1058 161 1122 silio
184 1058 249 1122 iter
271 1058 305 1121 in
327 1059 522 1142 provinciam
546 1064 752 1140 converteret,
776 1099 815 1110 -
842 1065 880 1128 ut
902 1083 995 1130 nemo
1018 1067 1090 1131 tum
1114 1069 1243 1150 quidem
1265 1088 1322 1134 ne·

83 1164 230 1230 oessario
253 1164 438 1231 faeiundum
462 1166 665 1232 existimabat
695 1205 737 1217 -
768 1189 843 1234 eum
872 1170 1004 1236 infamia
1027 1175 1124 1255 atque
1148 1174 1320 1257 indignitas

82 1271 134 1336 rei
166 1274 202 1336 et
229 1273 393 1354 oppositus
422 1292 515 1338 mons
541 1273 689 1340 Cevenna
711 1275 900 1359 viarumque
924 1277 1095 1344 difficultas
1118 1281 1319 1363 impediebat,

81 1381 162 1443 tum
185 1379 339 1457 maxime,
371 1379 454 1461 quod
485 1381 633 1446 abiuneta
656 1381 795 1448 Labieno
826 1384 923 1466 atque
954 1385 993 1450 iis
1016 1387 1209 1468 legionibus,
1240 1407 1319 1471 quas

81 1504 155 1550 una
178 1486 328 1564 miserat,
355 1486 561 1551 vehementer
583 1487 727 1554 timebat.
772 1488 887 1572 Itaque
918 1491 1090 1556 admodum
1119 1495 1244 1576 magnis
1274 1495 1345 1559 di-a

81 1593 179 1658 urnis
204 1593 431 1674 noeturnisque
454 1593 622 1658 itineribus
645 1594 797 1660 conseatis
828 1599 939 1662 eontra
970 1598 1111 1663 omnium
1142 1601 1320 1683 opinionem

82 1701 127 1764 ad
152 1699 303 1781 Ligerem
325 1700 413 1765 venit
434 1699 579 1783 vadoque
601 1719 658 1784 per
682 1703 806 1784 equites
829 1703 958 1768 invento
980 1723 1037 1788 pro
1060 1706 1107 1770 rei
1128 1708 1343 1772 necessitates

81 1809 284 1891 opportuno,
318 1808 356 1871 ut
379 1807 527 1872 braoehia
550 1808 643 1872 modo
668 1810 765 1890 atque
801 1810 905 1874 umeri
939 1810 980 1875 ad
1010 1813 1201 1877 sustinenda
1229 1833 1319 1878 arma

79 1915 181 1979 liberi
206 1914 246 1978 ah
269 1931 354 1995 aqua
377 1932 445 1978 esse
468 1916 615 1997 possent,
645 1915 798 1998 disposito
823 1917 982 1998 equitatu,
1013 1919 1067 2000 qui
1090 1920 1156 1984 vim
1178 1919 1319 1985 fluminis

80 2020 294 2102 refringeret,
329 2021 426 2102 atque
448 2021 594 2085 hostibus
617 2021 718 2103 primo
743 2025 876 2105 aspeotu
908 2025 1105 2106 perturbatis
1127 2027 1319 2092 ineolumem

81 2126 265 2192 exereitum
287 2126 429 2192 traduxit
451 2126 711 2210 frumentumque
731 2129 764 2192 in
780 2131 864 2211 agris
882 2132 914 2194 et
928 2132 1050 2213 peeoris
1066 2133 1189 2216 eopiam
1204 2137 1344 2199 naetuso

80 2234 212 2318 repleto
234 2233 286 2297 his
309 2235 404 2299 rebus
428 2235 569 2299 exercitu
590 2234 652 2299 iter
673 2235 708 2298 in
733 2235 873 2300 Senones
896 2237 1000 2302 faeere
1023 2239 1175 2303 instituit.

80 2413 303 2424 ---—-—

79 2553 149 2590 man
169 2535 208 2588 sie
225 2534 300 2588 nieht
318 2535 382 2588 iiber
400 2533 451 2588 den
468 2535 545 2604 Liger
564 2537 652 2589 setzen
670 2535 745 2603 liess,
765 2535 827 2589 oder
850 2536 887 2590 sie
906 2537 1064 2606 wenigstens
1088 2555 1136 2592 aus
1154 2539 1260 2608 Mangel
1284 2557 1318 2594 an

80 2624 220 2692 Nahrung
239 2640 298 2677 zum
315 2621 421 2692 Abzuge
439 2623 467 2677 in
486 2623 527 2676 die
545 2623 655 2677 Provinz
673 2625 790 2693 nbtigen.

163 2743 205 2785 ro.
230 2729 270 2784 ud
296 2746 370 2798 spem
396 2729 546 2797 adiuuere]
579 2730 649 2784 Wir:
683 2731 734 2798 „in
762 2731 834 2785 einer
860 2731 995 2800 Hoffnung
1021 2732 1193 2788 bestdrken“.
1223 2763 1257 2772 -
1285 2750 1319 2789 ex

81 2819 213 2887 nimbus]
245 2819 328 2872 Nieht
354 2818 450 2887 infolge
482 2818 587 2888 gruison
615 2818 820 2887 Sehneefalls‚
853 2820 989 2874 sondern?
1022 2851 1055 2859 -
1088 2822 1160 2877 uado
1187 2823 1316 2893 transiet]

81 2907 224 2964 Anl.N1.

158 3032 240 3101 Kasp.
256 3032 307 3090 bb.
339 3045 391 3088 ru.
407 3045 430 3086 2.
448 3032 474 3088 ei
484 3032 704 3102 periclitandum
717 3033 765 3102 eit]
784 3033 916 3102 bedeutet,
936 3034 984 3088 vvie
997 3035 1112 3089 naehher
1126 3035 1317 3090 dimicandum

83 3125 171 3192 neigt,
190 3122 251 3176 falls
270 3138 297 3176 es
316 3138 375 3175 zum
392 3121 494 3175 Tretien
512 3122 632 3175 hommeu
651 3120 759 3176 sollte“.
785 3152 819 3161 -
843 3128 876 3176 ut
957 3124 1135 3192 conuerteret]
1160 3125 1197 3178 ist
1212 3123 1241 3192 ja
1259 3125 1317 3178 frei-

82 3213 139 3268 lioh
158 3211 261 3280 logisoh
279 3211 412 3279 abhangig
428 3227 478 3264 von
496 3209 671 3280 impediebat,
689 3227 742 3264 was
760 3227 844 3279 gagen
863 3211 905 3264 die
924 3209 1089 3266 Grammatik
1106 3211 1242 3266 versto'ist.
1278 3212 1316 3267 Es

83 3301 207 3366 seheint,
233 3299 292 3353 dais
316 3299 401 3352 dieses
423 3304 456 3354 ut
481 3299 539 3352 dem
564 3299 754 3352 Sebriftsteller
779 3302 857 3353 uuter
881 3300 940 3354 dem
964 3300 1094 3355 Einfiusse
1119 3301 1165 3355 des
1193 3318 1221 3356 so
1248 3302 1316 3356 nahe

83 3389 234 3445 stehenden
258 3388 421 3455 faciendum
445 3389 473 3441 in
497 3388 538 3442 die
556 3387 638 3442 Feder
661 3388 814 3456 gekommen
838 3389 883 3442 ist,
924 3388 999 3442 Naeh
1026 3391 1161 3458 impedire
1185 3391 1317 3445 erseheint

82 3482 164 3534 sonet
181 3479 224 3532 bei
242 3477 323 3533 Casar
340 3476 489 3547 uberhaupt
505 3476 581 3530 heina
598 3476 786 3545 Konjunktion.
816 3507 849 3515 -
872 3483 906 3530 ut
923 3493 1001 3532 nemo
1076 3479 1264 3548 eaiste'mabat]
1283 3479 1317 3534 So

82 3567 246 3623 verzweifelt
262 3584 317 3620 war
334 3567 405 3620 seina
422 3567 492 3634 Iege
509 3582 558 3634 gar
575 3566 663 3632 nieht3
683 3566 804 3620 niemand
820 3567 859 3619 als
874 3565 915 3619 die
929 3566 956 3619 in
970 3566 1045 3621 ihren
1059 3567 1227 3636 Hoffnungen
1241 3569 1316 3622 iiber-

83 3656 296 3724 sehvvangliehen
315 3654 415 3710 Gallier
432 3656 548 3709 konnten
567 3671 595 3708 so
614 3658 695 3709 etuas
713 3657 842 3708 erwarten
860 3655 915 3708 und
932 3655 1065 3709 vielleieht
1083 3656 1153 3710 seina
1171 3655 1268 3710 Feinde
1285 3657 1313 3710 in

81 3748 162 3802 Rom.
187 3775 220 3785 -
243 3745 413 3816 bedtpaitus]
431 3745 486 3798 Der
504 3743 627 3799 Gedauke
644 3744 721 3798 hatte
739 3747 820 3798 etwas
838 3743 1013 3814 Empdrendes
1031 3745 1073 3798 fiir
1091 3743 1180 3800 Casan.
1207 3775 1241 3784 -
1267 3745 1315 3799 ab·

80 3834 194 3902 sanae]
212 3835 337 3901 (selteues
351 3832 446 3899 Wort),
473 3833 603 3888 Labienus
622 3833 701 3887 stand
712 3850 779 3901 ganz
793 3831 909 3886 sntfemt
922 3848 972 3886 von
986 3831 1074 3887 Ctsar.
1095 3860 1128 3870 -
1147 3834 1314 3888 vehemeter

83 3923 212 3992 timebat]
231 3921 292 3978 Ani.
310 3921 360 3977 11⁹.

160 4043 239 4086 a-s.
264 4031 360 4100 itaque
438 4029 577 4098 antibat]
602 4029 749 4098 nersohlage
767 4029 794 4082 in
813 4028 930 4082 mehrere
948 4028 1038 4082 Sttzel
1066 4055 1098 4067 -
1123 4034 1158 4084 ut
1235 4028 1316 4084 modo

144 4118 271 4189 possent]
297 4119 371 4188 giebt
389 4135 436 4186 an,
455 4119 588 4173 inwieiern
606 4119 676 4172 disse
694 4117 761 4172 Furt
784 4119 812 4171 in
831 4117 996 4172 Anbetraeht
1019 4117 1067 4172 der
1088 4117 1236 4172 missliehen
1253 4117 1316 4171 Um·

85 4209 183 4264 stands
201 4209 242 4262 als
259 4208 370 4278 hequem
387 4208 538 4262 bezeichnet
555 4207 657 4262 werden
675 4207 754 4261 kann.
781 4206 824 4260 Sia
842 4223 896 4260 war
913 4207 1027 4261 ntmlioh
1045 4224 1095 4260 von
1109 4206 1155 4261 der
1168 4205 1228 4274 Art,
1248 4205 1314 4273 dass,

83 4316 163 4353 avenn
181 4297 257 4351 nieht
274 4297 362 4364 mehr,
388 4314 416 4351 so
434 4297 501 4352 doeh
518 4297 613 4365 gerade
638 4296 705 4351 noeh
726 4295 829 4362 (modo)
915 4323 949 4334 -
973 4297 1121 4365 sustinere]
1148 4295 1236 4363 „hooh
1260 4295 1316 4349 hal·

83 4388 164 4442 ten“.
185 4416 219 4426 -
238 4387 353 4455 replere]
373 4386 518 4454 „reiohlieh
535 4385 660 4440 versehen
678 4385 757 4438 mit“.
