3086 4920
533 1073 957 1160 COMMENTARIUS
991 1073 1210 1162 SEXTUS.

226 1391 244 1450 l
345 1389 456 1452 Multis
480 1389 519 1454 de
543 1389 648 1454 eaesis
672 1389 790 1456 Caesar
811 1389 966 1454 maiorem
990 1388 1112 1454 Galliae
1142 1391 1268 1454 motum
1298 1391 1467 1473 exspectans

256 1512 312 1577 per
334 1494 481 1558 Maroum
505 1493 658 1573 Silanum,
683 1495 801 1562 Gaium
823 1496 1000 1560 Antistium
1023 1495 1192 1576 Reginum,
1215 1497 1324 1560 Titum
1340 1495 1467 1560 Sextium

231 1600 386 1681 alegatos
402 1600 554 1665 dileotum
577 1602 693 1667 habere
722 1602 880 1677 institnit;
912 1602 1007 1666 simul
1038 1603 1077 1666 ab
1101 1601 1210 1667 Gnaeo
1233 1601 1381 1686 Pompeio
1406 1620 1467 1685 pro

256 1706 384 1770 oonsnle
413 1707 509 1788 pet't,
540 1708 689 1790 quoniam
719 1710 786 1791 ipse
817 1708 857 1772 ad
886 1710 998 1773 urbem
1029 1727 1102 1772 oum
1130 1708 1263 1790 imperio
1293 1709 1466 1797 reipublioae

256 1830 353 1876 oansa
374 1815 563 1890 remaneret,
587 1832 666 1896 quos
690 1833 728 1878 ex
751 1813 912 1897 Cisalpina
936 1813 1041 1879 Gallie
1065 1814 1175 1878 eonsul
1206 1817 1400 1880 saoramento
1426 1833 1467 1876 ro

231 1935 244 1976 s
256 1919 405 2000 gavisset
429 1920 469 1984 ad
492 1921 582 2001 signa
606 1921 771 1985 eonvenite
796 1922 829 1985 et
851 1921 891 1984 ad
915 1939 948 1984 se
971 1920 1127 2002 profioisoi
1149 1921 1282 1998 iuberet,
1305 1922 1408 2002 magni
1428 1921 1467 1982 in-

256 2027 376 2089 teresse
400 2026 497 2090 etiam
519 2027 552 2089 in
575 2026 736 2108 reliquum
758 2029 886 2109 tempus
903 2026 943 2090 ad
959 2027 1139 2108 opinionem
1156 2025 1280 2091 Galliae
1298 2029 1465 2091 existimans

255 2132 364 2195 tantas
384 2132 484 2196 videri
497 2133 611 2196 Italiae
632 2132 811 2210 iaoultates
834 2134 880 2210 ut,
903 2132 931 2196 si
953 2132 1030 2214 qnid
1052 2134 1138 2196 esset
1152 2133 1185 2195 in
1201 2133 1284 2197 bello
1301 2131 1466 2197 detrimenti

257 2239 438 2321 aooeptum,
460 2258 524 2303 non
547 2240 640 2302 modo
663 2239 694 2302 id
718 2239 806 2303 brevi
829 2241 969 2322 tempore
993 2239 1153 2316 resarciri,
1184 2226 1240 2302 s'ed
1264 2239 1360 2303 etiam
1382 2239 1467 2302 maio-

230 2343 343 2408 rribus
368 2346 477 2427 augeri
500 2345 596 2428 oopiis
620 2347 735 2428 posset.
781 2343 873 2424 Quod
896 2364 970 2409 eum
992 2344 1162 2426 Pompeius
1179 2345 1212 2407 et
1234 2345 1420 2427 reipublicae
1441 2345 1467 2406 et

256 2450 414 2515 amicitiae
438 2451 611 2528 tribuisset,
635 2451 779 2515 celeriter
802 2449 943 2515 oonteoto
966 2469 1022 2533 per
1046 2468 1119 2514 suos
1143 2449 1262 2514 dileetn
1283 2451 1384 2515 tribus
1404 2451 1466 2513 ante

256 2559 399 2622 exaotam
421 2557 559 2621 hiemem
583 2559 616 2622 et
639 2558 821 2622 oonst'tntis
845 2560 879 2622 et
901 2557 1047 2622 adduetis
1062 2556 1240 2638 legionibus
1257 2557 1465 2640 duplioatoqne

254 2708 468 2716 *⁰*—

798 2769 821 2849 i.
851 2767 939 2850 Tei.

588 2895 670 2956 Kap.
689 2895 781 2945 1-8.
808 2921 842 2930 -·
867 2894 948 2946 John
966 2895 1007 2945 53
1024 2908 1054 2944 v.
1075 2894 1147 2945 Chr.

326 2995 403 3065 Kal).
425 2999 454 3051 1.
494 3008 516 3050 ².
536 2998 619 3066 petit]
644 2997 694 3051 Die
712 2997 785 3051 Bitte
804 2998 872 3065 folgt
890 2997 956 3051 ohne
974 3003 1015 3051 at.
1039 3027 1073 3036 -
1098 2997 1138 3051 od
1155 2997 1260 3065 arbem]
1285 2997 1326 3050 Da
1344 3014 1371 3050 er
1387 2997 1412 3049 in
1429 2995 1469 3047 dor

253 3083 330 3138 Nihe
347 3085 428 3139 Rome
453 3087 597 3154 verneilte,
625 3103 653 3140 so
677 3087 805 3140 brauehte
829 3103 857 3140 er
880 3085 940 3153 jone
958 3085 1080 3156 Truppen
1102 3086 1185 3140 nieht.
1212 3114 1244 3122 —
1270 3103 1332 3141 eum
1353 3083 1468 3153 imperio]

253 3173 332 3228 Kraft
356 3174 442 3228 eeiner
463 3173 586 3244 Stoliung
608 3175 648 3228 ais
667 3174 852 3228 Oberfeldherr
874 3175 973 3229 konnte
995 3191 1024 3227 er
1043 3174 1103 3242 jene
1122 3173 1246 3227 Soldnten
1269 3175 1421 3228 einberuien.
1440 3201 1468 3208 —

254 3263 330 3330 (eos),
349 3279 416 3330 quos
494 3263 657 3333 royooisset]
677 3269 849 3318 eooromeoto
867 3279 965 3332 eoyore
984 3263 1038 3316 olm
1057 3262 1094 3314 ist
1111 3262 1262 3316 formelhaft
1280 3263 1351 3329 „den
1364 3262 1469 3314 Fahnen·

254 3349 297 3402 eid
314 3349 409 3404 leisten
427 3351 544 3406 lassen“.

329 3451 351 3492 a.
370 3439 464 3508 moysei
482 3441 609 3496 interesse
689 3439 861 3508 existimares]
885 3439 959 3507 giebt
977 3439 1019 3492 die
1036 3438 1153 3492 Ureaohe
1172 3455 1204 3491 zu
1223 3439 1320 3493 seinem
1337 3437 1469 3492 Verfmien

253 3545 297 3582 an.
316 3555 350 3564 -
368 3527 401 3581 iso
418 3529 554 3598 rationum
572 3528 689 3599 tomas]
708 3528 761 3583 ner
780 3527 936 3596 ‚,Zukunft“
956 3527 1005 3581 hat
1023 3527 1070 3580 der
1082 3527 1203 3580 Lateiner
1216 3527 1277 3580 kein
1290 3527 1379 3594 Wort3
1399 3543 1427 3579 ru
1442 3525 1470 3578 io

253 3615 307 3684 vgl.
326 3615 359 3668 io
376 3616 487 3670 immam
505 3617 551 3684 IV,
570 3619 612 3685 29,
631 3618 657 3671 4.
681 3645 715 3655 -
741 3617 780 3671 od
798 3617 959 3685 opinionem
977 3615 1100 3683 Galliae]
1118 3615 1154 3668 Es
1172 3632 1226 3668 war
1243 3615 1359 3684 wiehtig,
1378 3613 1470 3668 daisin

251 3703 359 3760 Gallien
377 3705 434 3758 eine
447 3704 515 3758 hehe
528 3705 654 3774 Meinung
666 3707 731 3760 iiber
743 3706 824 3760 Rome
837 3705 998 3758 Hilfemittel
1010 3704 1155 3758 hensohte.
1170 3733 1204 3742 -
1224 3709 1322 3758 tantos
1336 3703 1422 3758 videri
1433 3745 1440 3758 ,
1450 3741 1469 3754 ..

253 3791 416 3860 facultates]
436 3793 525 3848 videri
543 3795 581 3847 iet
598 3795 655 3848 hier
668 3795 814 3848 wirlrliohes
828 3793 965 3847 Pauivum
982 3809 1032 3846 von
1050 3792 1156 3858 oidere3
1175 3793 1311 3846 iibersetze
1326 3792 1375 3846 den
1388 3790 1469 3844 Aeone.

254 3882 305 3935 mit
326 3881 403 3935 Infin.
423 3882 504 3936 duroh
527 3883 602 3937 einen
626 3883 731 3938 aitiven
753 3882 996 3950 Bedingungssatz!
1023 3911 1056 3920 -
1082 3880 1189 3949 augeri]
1215 3879 1328 3948 Subjelrt
1349 3880 1387 3934 ist
1406 3877 1470 3933 nieht

255 3969 329 4025 mehr
347 3970 386 4038 id,
407 3971 519 4025 sondom
537 3971 654 4037 Caesen
674 3987 777 4040 oayeor
796 3970 862 4037 „ioh
879 3969 964 4023 werde
982 3969 1049 4023 nooh
1066 3969 1232 4023 versttrkt“.

328 4071 352 4114 4.
370 4061 421 4115 too
439 4060 491 4115 tibi
509 4060 607 4129 tribue]
627 4059 696 4126 „das
709 4059 776 4113 habe
790 4058 833 4112 ioh
847 4058 889 4111 dir
902 4058 1000 4111 zuliebe
1013 4057 1143 4125 gethan“.
1163 4085 1197 4096 -
1216 4057 1340 4112 celeriter
1357 4055 1470 4122 confecto

318 4147 432 4226 diaeta]
450 4149 531 4203 ordne
550 4148 608 4202 dem
626 4147 853 4216 vorhergehenden
872 4145 1037 4200 Nebensatze
1054 4145 1110 4199 bei!
1143 4145 1211 4198 Zwei
1228 4145 1361 4214 legionen
1378 4143 1470 4198 werden

250 4237 339 4290 vduroh
353 4237 447 4292 Cieare
456 4238 538 4292 Lente
547 4236 720 4304 ausgehoben.
735 4263 766 4274 ·-
783 4235 872 4290 tribus
936 4234 1067 4289 oddonis
1082 4233 1283 4303 teotonem
1297 4233 1407 4300 docuit]
1420 4229 1470 4286 inl.

255 4325 300 4392 L⁴;
315 4325 381 4379 doeh
393 4326 431 4379 ist
445 4326 492 4380 das
503 4324 601 4394 jetzige
612 4323 811 4394 Hauptverbum
824 4323 876 4377 mit
888 4322 999 4377 bloisem
1014 4322 1084 4390 „so“
1099 4321 1289 4392 anzukniipfen.
1304 4351 1339 4363 —
1354 4322 1471 4392 teotonem
