3134 4922
547 369 643 424 Comm.
663 368 695 436 V,
714 387 734 423 e.
754 371 868 424 36—39.
1268 367 1321 428 lit

92 531 199 594 ficitur
224 549 297 594 cum
319 530 457 594 maxima
479 533 570 613 parte
593 531 741 594 militum.
776 530 904 611 Reliqui
928 548 961 593 se
984 530 1016 593 in
1033 532 1139 594 eastra
1154 530 1320 613 recipiunt,

92 637 176 700 unde
202 638 294 700 erant
317 638 444 717 egressi.
490 637 537 700 llx
561 637 675 718 quibus
699 637 817 700 Lucius
840 635 1036 700 Petrosidius
1061 636 1223 718 aquilifer,
1247 654 1345 701 cums

92 761 212 824 magna
241 743 446 807 multitudine
475 743 618 806 hostium
651 744 862 825 premeretur,
905 743 1045 823 aquilam
1078 743 1165 806 intra
1199 734 1320 806 vallum

92 849 234 932 proiecit,
257 849 325 932 ipse
348 869 405 932 pro
428 851 543 914 castris
566 849 738 914 fortissime
761 867 908 932 pugnans
936 849 1097 914 occiditur.
1142 849 1195 913 Illi
1226 867 1345 930 aegros
1459 879 1462 886 ·
1547 855 1548 864 ’

93 955 130 1018 ad
153 957 285 1021 noctem
310 957 577 1038 oppugnationem
601 957 778 1030 sustinent3
802 957 899 1020 noctu
928 955 967 1018 ad
998 975 1098 1019 unum
1129 974 1238 1019 omnes
1267 955 1320 1019 de-

93 1064 222 1144 sperata
247 1063 350 1127 salute
375 1081 408 1126 se
432 1063 492 1145 ipsi
514 1063 719 1126 interficiunt.
757 1061 857 1126 Pauci
880 1081 917 1126 ex
932 1062 1050 1144 proelio
1067 1063 1167 1145 elapsi
1190 1062 1343 1126 incertisr

90 1169 260 1232 itineribus
283 1187 341 1251 per
364 1170 459 1232 silvas
484 1170 524 1233 ad
548 1170 656 1234 Titum
672 1169 848 1233 Labienum
870 1169 1015 1250 legatum
1038 1169 1071 1231 in
1093 1167 1226 1232 hiberna
1249 1187 1320 1250 per-

90 1275 227 1339 veniunt
251 1276 349 1357 atque
374 1295 447 1340 eum
471 1276 509 1339 de
532 1277 628 1340 rebus
642 1263 750 1357 ¹gestis
775 1276 943 1339 certiorem
965 1274 1095 1339 faciunt.

178 1384 265 1446 Hac
280 1384 446 1446 victoria
462 1382 608 1446 sublatus
620 1381 782 1445 Ambiorix
799 1382 909 1445 statim
926 1400 999 1445 oum
1012 1382 1158 1463 equitatu
1168 1381 1202 1444 in
1213 1381 1320 1445 Adua-
1330 1385 1373 1446 38

91 1491 190 1565 tucos,
218 1489 275 1570 qui
298 1491 389 1553 erant
412 1489 480 1552 eius
503 1507 600 1570 regno
628 1488 772 1565 finitimi,
801 1487 1029 1570 proficiscitur3
1060 1507 1164 1570 neque
1194 1489 1320 1552 noctem
1362 1517 1363 1521 ¹

90 1615 194 1678 neque
231 1596 316 1660 diem
347 1595 531 1660 intermitt't
565 1595 808 1677 peditatumque
843 1613 912 1658 sese
943 1595 1095 1676 subsequi
1122 1595 1220 1658 iubet.
1273 1594 1345 1659 Rea

92 1703 315 1767 demonstrata
339 1702 580 1783 Aduatucisque
605 1702 771 1766 concitatis
794 1704 921 1784 postero
954 1701 1004 1765 die
1031 1701 1064 1764 in
1088 1700 1220 1765 Neruios
1250 1720 1321 1783 per-

90 1810 176 1873 venit
199 1810 422 1890 hortaturque,
445 1827 485 1873 ne
510 1809 560 1872 sui
582 1809 829 1896 inperpetuum
853 1807 1007 1872 liberandi
1030 1810 1127 1888 atque
1148 1807 1321 1871 ulciscendi

91 1915 255 1980 Romanos
278 1935 334 1998 pro
357 1916 406 1993 iis,
430 1934 510 1996 quas
535 1916 729 1997 acceperint,
757 1915 881 1978 iniuriis
913 1915 1108 1979 occasionem
1140 1914 1320 1978 dimittant:

91 2022 278 2086 interfectos
303 2041 371 2086 esse
394 2023 517 2104 legatos
541 2022 603 2085 duo
619 2041 834 2103 magnamque
857 2023 982 2104 partem
1003 2021 1158 2084 exercitus
1174 2021 1346 2084 interissea

92 2129 308 2202 demonstrat3
331 2129 411 2192 nibil
440 2147 508 2192 esse
539 2129 659 2210 negotii
689 2128 792 2192 subito
824 2145 1007 2210 oppressam
1036 2128 1208 2208 legionem,
1240 2145 1345 2209 quaer

93 2256 163 2300 oum
188 2235 341 2301 Cicerone
364 2236 502 2312 hiemet,
525 2234 675 2309 interfioi3
707 2253 740 2298 se
771 2235 809 2298 ad
842 2253 912 2298 sam
940 2253 1008 2298 rem
1038 2233 1205 2316 profitetur
1234 2233 1322 2297 adiu-

92 2345 203 2408 torem.
251 2342 356 2406 Facile
379 2343 440 2406 hac
464 2342 604 2406 oratione
628 2341 753 2405 Nerviis
777 2341 957 2423 persuadet.

178 2450 299 2530 Itaque
322 2447 489 2513 confestim
513 2447 652 2512 dimissis
675 2448 797 2511 nuntiis
821 2447 861 2511 ad
885 2447 1070 2522 Ceutrones,
1095 2443 1240 2523 Grudios
1263 2443 1375 2510 Ire-30

92 2575 194 2633 racos,
218 2553 429 2631 Pleumoxios‚
453 2554 658 2631 Geidumnos,
682 2555 736 2635 qui
764 2572 873 2618 omnes
890 2553 948 2616 sub
966 2571 1074 2616 eorum
1090 2552 1222 2634 imperio
1238 2553 1322 2628 sunt,

94 2682 189 2744 quam
206 2662 365 2726 maximas
381 2679 496 2724 manus
512 2662 648 2743 possunt
672 2661 790 2740 coguut
806 2662 838 2723 et
857 2659 895 2723 de
911 2659 1081 2742 improviso
1106 2658 1145 2722 ad
1163 2657 1321 2722 Ciceronis

165 2941 178 2984 o
200 2947 225 2978 u.
249 2941 273 2981 r.
293 2927 384 2999 capre]
400 2926 446 2992 IV,
465 2926 509 2991 32,
527 2927 552 2979 3.
573 2953 605 2962 —-
625 2924 664 2977 ad
682 2940 770 2977 uuum
788 2922 887 2990 omues]
908 2923 982 2989 „alls
1001 2923 1068 2975 ohno
1086 2920 1267 2976 Ausnahme“.
1288 2949 1322 2958 —

92 3033 117 3071 ae
136 3018 195 3086 ipsi
209 3015 396 3085 interficiunt]
415 3014 612 3083 ungewdhnlieh
626 3013 668 3066 fur
681 3017 792 3066 mortem
805 3012 858 3066 sibi
874 3012 1059 3078 cameracae
1077 3027 1151 3064 wenn
1169 3010 1244 3064 nicht
1255 3013 1323 3063 etwa

90 3121 120 3159 sc
146 3106 217 3174 ipsi,
247 3105 295 3158 wie
323 3108 399 3158 ronst
425 3104 548 3157 zuweilen
575 3103 617 3156 bei
640 3101 683 3169 0.,
709 3102 751 3155 die
774 3098 999 3169 Gegenseitigkeit
1027 3099 1177 3154 ausdrtiokt.
1206 3127 1240 3138 -—
1268 3096 1322 3165 res]

92 3190 218 3266 posidet]
241 3193 311 3260 „das
329 3192 519 3262 Vorgefallene‚
539 3192 584 3245 der
602 3190 709 3257 Verfall‚
728 3191 775 3244 das
794 3187 970 3255 Geschehene,
989 3189 1031 3242 die
1050 3187 1237 3244 Gesohichte“.

631 3352 670 3434 ll.
699 3351 787 3433 Tell.

565 3479 664 3539 Kap.
693 3475 855 3529 38-52.

164 3585 246 3654 Καρ.
265 3584 312 3639 38.
353 3595 363 3636 1
385 3601 408 3636 ιι.
430 3594 453 3637 r.
478 3582 599 3636 victorio
621 3581 756 3648 sublatus]
787 3577 1046 3647 „siogestrunlren“;
1075 3578 1127 3631 buc
1151 3575 1216 3631 wird
1240 3577 1323 3631 durch

94 3675 135 3730 ein
145 3673 252 3729 Adverb
272 3672 318 3726 der
331 3673 388 3726 Zeit
401 3673 507 3725 ersotzt.
522 3701 555 3708 —
574 3676 680 3725 uectem
750 3667 832 3736 mam]
845 3668 888 3721 bei
902 3667 1065 3721 iatemittit
1077 3666 1115 3718 ist
1128 3664 1238 3735 Objelrt;
1258 3665 1323 3720 doeh

94 3765 232 3819 chorsone
256 3762 397 3830 „rastet“.
428 3791 461 3800 -
496 3776 531 3814 aa
555 3761 601 3814 sai
693 3757 831 3813 liberandi
918 3754 1086 3809 occasionem
1166 3753 1322 3820 dimittant]

97 3854 156 3918 „sie
175 3852 299 3906 mdohten
380 3849 435 3903 sich
453 3849 529 3902 nieht
547 3848 678 3916 entgsheu
695 3846 815 3900 lassen“.
836 3875 869 3882 —
888 3843 919 3897 iu
933 3842 1113 3912 perpetuum]
1131 3841 1178 3910 IV,
1190 3843 1233 3907 34,
1244 3841 1269 3896 5.
1290 3870 1322 3878 -

95 3940 204 4009 ulemci]
223 3939 270 4007 IV,
289 3941 331 4006 19,
349 3939 375 3994 4.

169 4043 183 4085 a
203 4047 227 4079 ιι.
248 4040 272 4082 4.
290 4027 364 4081 nibil
382 4032 422 4080 cst
439 4025 555 4095 capotii]
575 4041 625 4091 „es
643 4024 681 4076 ist
699 4022 742 4076 ein
759 4021 910 4075 Leichtas“.
927 4049 960 4058 -
979 4018 1146 4089 oppressam]
1164 4017 1225 4072 Anl.
1239 4017 1269 4072 E.
1289 4048 1322 4057 —

97 4134 157 4173 eam
177 4116 317 4183 eimau]
336 4115 402 4185 Kap,
422 4114 465 4181 17,
484 4115 509 4168 2.
529 4143 563 4152 -
582 4127 652 4182 qaae
731 4109 838 4177 hiemet]
858 4109 917 4176 „im
935 4108 1142 4176 Wintarlager“.
1162 4134 1195 4145 -
1214 4120 1254 4159 noc
1272 4105 1323 4160 ad-

96 4207 214 4260 iutorem
229 4203 375 4274 profiteor]
394 4202 460 4270 „ioh
478 4202 548 4255 biete
566 4201 668 4254 meineri
686 4198 827 4265 Beistand,
851 4197 936 4251 moine
955 4196 1140 4263 Mitwirlrung,
1159 4194 1243 4247 meino
1260 4192 1323 4246 Ver·

96 4294 242 4362 mittelung
260 4292 328 4346 an“.
347 4321 380 4330 —
399 4289 502 4359 oratio]
520 4289 646 4343 bedeutet
663 4287 730 4341 auch
750 4285 953 4354 „Darstsllung,
973 4283 1095 4338 Worte“.

168 4381 248 4449 nup.
268 4378 316 4436 39.
357 4393 378 4434 1.
398 4379 634 4449 qacmmaorimus
651 4392 752 4430 maccus
769 4373 884 4443 (cocere)
898 4378 1031 4443 pararat,
1057 4370 1168 4440 eoquod]
1187 4393 1222 4415 ==
1241 4386 1324 4438 quum

1054 4459 1109 4513 12*
