3136 4928
532 385 630 442 Comm.
649 387 722 455 vm,
740 405 762 443 c.
781 389 824 444 53.
844 389 886 444 54.
1268 388 1322 448 353

90 548 254 630 pugnaret
289 547 433 612 Caesaris
470 549 673 630 dignitatem,
709 551 818 612 contra
851 550 957 632 legem
984 550 1116 634 Pompei
1150 554 1183 616 et
1214 551 1321 618 Crassi

90 654 267 718 rettulerat
290 655 365 718 aute
389 656 516 738 tempus
541 656 581 720 ad
605 658 753 720 senatum
769 655 806 720 de
824 655 969 721 Caesaris
992 658 1170 740 provinciis,
1194 662 1321 724 senteu-

90 761 211 842 tiisque
236 761 328 825 dietis
352 761 577 827 discessionem
600 763 735 828 iaciente
758 763 924 840 Marcello,
955 765 1010 845 qui
1041 764 1100 828 sibi
1124 784 1250 830 omnem
1274 767 1320 830 di-

90 869 252 950 gnitatem
276 887 313 932 er
337 867 482 934 Caesaris
506 869 624 932 invidia
648 870 837 950 quaerebat,
868 872 998 934 senatus
1022 870 1171 952 frequens
1195 873 1228 936 in
1258 873 1320 938 alia

90 975 200 1040 omnia
224 975 360 1039 transiit.
407 973 530 1054 Quibus
553 975 616 1040 nou
639 975 869 1057 frangebantur
892 977 990 1041 animi
1019 977 1218 1043 inimicorum
1242 979 1345 1045 Cae-r

91 1083 184 1159 saris,
208 1073 270 1146 sed
280 1082 541 1159 admonebantur,
565 1101 626 1164 quo
641 1083 777 1147 maiores
794 1085 944 1165 pararent
962 1085 1179 1162 necessitates,
1204 1087 1319 1168 quibus

91 1190 161 1271 cogi
185 1191 294 1272 posset
317 1191 448 1253 senatus
472 1189 504 1252 id
526 1190 668 1272 probare,
692 1189 776 1271 quod
799 1190 859 1272 ipsi
883 1192 1132 1256 const'tuisseut.

181 1295 235 1358 Fit
258 1294 370 1359 deinde
394 1296 724 1372 senatusconsultum,
754 1298 791 1360 ut
817 1297 857 1360 ad
879 1298 1000 1361 bellum
1022 1298 1208 1364 Parthicum
1237 1301 1318 1383 legio
1329 1302 1373 1363 54

90 1421 157 1467 una
183 1421 202 1466 a
227 1401 282 1467 Cn.
305 1402 472 1486 Pompeio,
503 1404 604 1467 altera
633 1403 709 1468 aC.
734 1403 868 1468 Caesare
899 1405 1101 1481 mitteretur;
1131 1426 1235 1488 neque
1266 1409 1320 1472 ob·

91 1529 185 1574 seure
210 1508 291 1573 duae
314 1509 454 1591 legiones
478 1509 535 1573 uni
550 1509 772 1574 detrahuntur.
803 1510 889 1574 Nam
905 1511 961 1577 Cn.
976 1512 1146 1596 Pompeius
1162 1515 1343 1596 legionem²

89 1617 246 1699 primam,
271 1616 430 1697 quemad
455 1615 625 1682 Caesarem
651 1617 800 1695 miserat,
831 1617 1006 1682 confectam
1037 1638 1073 1684 ex
1103 1619 1220 1685 dilectu
1248 1641 1318 1704 pro-

90 1723 213 1788 vinciae
246 1722 406 1801 Caesaris,
436 1742 507 1787 eam
536 1726 703 1805 tamquam
735 1743 772 1788 er
801 1743 857 1788 suo
887 1744 1020 1790 numero
1051 1725 1147 1790 dedit.
1201 1726 1342 1793 Caesare

90 1833 218 1907 tamen,
248 1849 321 1894 curn
351 1830 389 1894 de
419 1831 583 1895 voluntate
613 1831 744 1896 minime
776 1831 909 1895 dubium
942 1833 1027 1896 esset
1063 1833 1318 1899 adversariorum

92 1955 234 2013 suorum,
256 1935 404 2018 Pompeio
426 1937 584 2018 legionem
603 1938 726 2001 remisit
742 1939 775 2002 et
791 1957 847 2002 suo
863 1939 989 2003 nomine
1007 1939 1317 2020 quintamdecimam,

92 2061 190 2124 quam
214 2043 247 2106 iu
269 2041 373 2106 Gallia
396 2043 540 2107 citeriore
563 2044 728 2120 habuerat,
752 2063 789 2109 ex
813 2047 1089 2110 senatusconsulto
1112 2047 1201 2111 iubet
1225 2048 1317 2112 tradi.

89 2150 129 2214 Iu
153 2150 223 2214 eius
246 2150 352 2214 locum
375 2150 662 2214 tertiamdeeimam
691 2151 848 2232 legionem
878 2152 911 2216 iu
933 2152 1062 2217 Italiam
1093 2154 1210 2230 mittit,
1235 2173 1316 2235 quae

90 2256 250 2340 praesidia
272 2258 426 2332 tueretur,
450 2274 487 2320 er
511 2257 625 2338 quibus
649 2258 815 2340 praesidiis
840 2259 1076 2339 quintadecima
1092 2260 1316 2325 deducebatur.

90 2364 163 2448 Ipse
196 2363 347 2428 exercitui
377 2363 540 2427 distribuit
572 2364 721 2428 hiberna:
758 2363 791 2430 C.
821 2365 1012 2430 Trebonium
1040 2386 1113 2430 cnm
1141 2367 1341 2448 legionibusr

91 2471 245 2552 quattuor
267 2469 300 2533 in
322 2469 435 2550 Belgio
459 2470 606 2547 collocat,
637 2468 670 2535 C.
693 2471 828 2535 Fabium
852 2491 925 2535 oum
949 2472 1081 2536 totidem
1111 2473 1144 2536 in
1167 2473 1315 2537 Haeduos

91 2577 229 2641 deducit.
262 2575 313 2640 Sic
336 2576 420 2640 enim
445 2576 647 2640 existimabat
670 2577 867 2642 tutissimam
890 2577 955 2643 fore
974 2578 1121 2655 Calliam,
1145 2580 1173 2643 si
1189 2579 1340 2660 Belgaes

91 2702 229 2766 quorum
251 2683 389 2747 maxima
412 2683 528 2759 virtus,
551 2683 691 2760 Haedui,
716 2702 851 2765 quorum
875 2686 1048 2749 auctoritas
1072 2705 1199 2750 summa
1222 2689 1315 2764 esset,

91 2789 281 2854 exercitibus
305 2790 550 2854 continerentur.
594 2789 668 2872 Ipse
691 2791 725 2853 in
746 2790 877 2855 Italiam
899 2790 1060 2873 profectus
1084 2792 1141 2855 est.

161 3089 240 3158 Καρ.
261 3089 312 3145 53.
353 3102 374 3144 l.
398 3095 463 3144 cate
481 3091 597 3160 tempas]
620 3091 704 3145 Bevor
726 3108 754 3145 es
771 3090 839 3144 nach
857 3089 916 3144 dem
935 3089 1043 3145 Gesetze
1061 3091 1150 3145 iiblieh
1167 3109 1232 3158 war,
1251 3094 1316 3147 iiber

90 3179 131 3233 die
148 3179 353 3248 Neubesetzung
375 3180 447 3233 einer
465 3179 712 3234 Statthaltersehalt
736 3197 769 3233 an
794 3180 843 3233 den
863 3179 943 3234 Senat
961 3179 1080 3249 Antrage
1104 3199 1136 3235 zu
1159 3181 1261 3236 stellen.
1281 3211 1315 3220 —

90 3285 195 3324 omnem
294 3269 451 3337 quaerebat]
479 3268 516 3321 Er
544 3270 636 3323 suehte
664 3269 752 3323 seinen
779 3286 878 3337 ganzen
905 3269 994 3322 Ruhm
1020 3270 1048 3323 in
1075 3271 1122 3324 der
1148 3270 1316 3340 Aufeindnng

90 3358 193 3414 Cisars.
220 3387 253 3396 -
278 3363 392 3412 secatae
409 3357 549 3427 frequens]
573 3358 609 3412 Es
633 3375 687 3411 war
711 3375 760 3410 von
777 3357 946 3426 Bedeutung‚
972 3357 1030 3412 dass
1052 3359 1099 3412 der
1116 3359 1198 3413 Sonat
1219 3359 1246 3413 in
1269 3359 1316 3414 der

90 3447 201 3515 Sitzung
226 3447 355 3501 zahlreich
379 3448 546 3501 versammalt
569 3464 685 3516 maresan
709 3464 770 3500 war.
796 3477 830 3485 -
855 3448 888 3500 ia
912 3447 973 3500 alia
996 3448 1089 3502 ornata
1114 3448 1240 3516 trarmtit]
1265 3449 1315 3502 Die

89 3536 284 3605 Anffordemng
302 3536 347 3590 das
361 3537 548 3590 Vorsitzenden
567 3553 613 3590 zur
630 3536 818 3604 Abstimmung
835 3536 948 3590 lauteta:
967 3537 1017 3605 qai
1035 3537 1085 3592 boe
1103 3538 1217 3593 consero
1234 3540 1316 3605 (nim-

89 3627 149 3692 lich,
170 3642 223 3678 was
241 3625 383 3694 beantmgt
399 3626 460 3692 ist),
478 3627 546 3680 illae
565 3625 696 3691 transite,
715 3625 763 3693 qai
782 3625 841 3678 aleb
860 3625 955 3678 ornata
971 3627 1017 3692 (--
1035 3625 1174 3693 dagegan)‚
1193 3627 1225 3680 ia
1243 3628 1315 3683 bane

85 3721 203 3784 partera

163 3833 187 3876 a.
205 3821 323 3876 maiores
401 3820 584 3890 necessitates]
603 3821 749 3876 aeremitae
767 3820 834 3874 auch
851 3820 893 3873 bei
912 3819 993 3874 Casan
1006 3845 1041 3864 =
1054 3821 1235 3877 mceaaitudo.
1272 3822 1314 3876 Sia

89 3911 182 3964 wollen
201 3910 256 3963 also
274 3910 331 3964 ihre
348 3909 553 3978 Verbindungen
570 3909 636 3964 noch
653 3909 743 3964 weiter
762 3908 920 3963 ausdehnen.

162 4033 239 4102 unp.
264 4033 315 4089 54.
356 4047 406 4088 ιιι.
424 4045 447 4089 a.
472 4034 593 4102 obserere]
618 4035 667 4088 hat
691 4033 742 4088 den
763 4034 863 4088 docent
888 4033 934 4087 des
958 4033 1062 4101 Satzes3
1086 4050 1114 4088 es
1138 4034 1209 4089 kann
1234 4035 1315 4089 daher
1399 4111 1401 4116 Ι

89 4123 135 4178 das
154 4123 282 4178 Prtdilrat
304 4123 399 4178 darana
422 4126 588 4178 entnommen
610 4124 726 4190 werden3
753 4127 833 4178 etwa:
859 4121 916 4190 „Es
940 4123 985 4192 lag
1008 4123 1055 4177 auf
1076 4123 1122 4177 der
1139 4123 1231 4192 Hand,
1256 4123 1313 4178 dass

89 4213 158 4268 ...“.
178 4241 212 4252 -
231 4212 393 4282 consectam]
411 4213 448 4266 im
465 4213 532 4266 Bell.
552 4211 620 4268 Gall.
639 4213 724 4267 selten
743 4229 800 4266 vom
817 4211 981 4280 Aufbringen
1000 4212 1046 4266 der
1063 4211 1193 4283 Truppen.

162 4333 239 4376 a-t.
257 4319 407 4389 praesidia
424 4320 558 4387 tueretur]
577 4320 615 4374 ist
632 4337 682 4374 von
700 4320 750 4374 den
767 4321 852 4374 leston
870 4319 979 4374 Plitzen
999 4337 1031 4374 au
1048 4319 1195 4374 versichen.
1216 4347 1248 4356 -
1268 4323 1312 4374 la·

88 4408 234 4478 tammam]
254 4409 381 4477 „sicher“
401 4409 464 4464 oder
482 4409 678 4478 „gesichert“?
