3086 4920
194 117 225 146 θ’

20 286 93 374 s
238 331 294 394 264
580 400 582 404 ,
732 337 771 390 De
789 337 857 390 bello
876 335 975 391 Gallico

215 499 377 578 introque
406 497 506 561 latere
538 496 676 561 turrium
707 498 830 580 eruptio
860 498 973 572 fiebat;
1008 499 1063 562 alii
1096 498 1182 564 faces
1218 502 1315 582 atque
1346 500 1453 564 aridam
1515 517 1516 520 ’

240 604 408 668 materiem
435 604 473 668 de
500 623 593 668 muro
616 606 649 668 in
673 623 822 686 aggerem
846 605 970 669 eminus
992 605 1163 683 iaciebant,
1190 607 1294 689 picem
1316 608 1453 688 reliquas·

242 729 391 792 queres,
415 710 530 791 quibus
554 710 636 792 ignis
660 711 790 775 excitari
812 713 934 794 potest,
956 711 1147 789 fundebant,
1170 714 1220 789 ut,
1245 731 1307 795 quo
1329 714 1455 796 primum
1516 711 1517 798 l

241 818 459 882 occurreretur
488 819 545 880 aut
572 817 623 881 cui
645 817 692 880 rei
714 816 851 881 ferretur
875 818 1041 896 auxilium,
1070 818 1121 883 vix
1148 818 1229 883 ratio
1257 820 1330 882 iniri
1353 823 1454 902 posset
1516 799 1517 810 ἵ

216 923 374 1000 clamen,
403 923 487 1004 quod
514 923 663 987 instituto
687 923 833 988 Caesaris
858 943 982 1008 semper
1006 925 1089 990 duae
1112 926 1252 1007 legiones
1275 945 1331 1008 pro
1355 927 1454 990 castris
1517 999 1518 1014 χ

242 1030 439 1095 excubabant
460 1030 633 1112 pluresque
656 1031 784 1113 partitis
807 1032 1004 1114 temporibus
1028 1034 1120 1096 erant
1142 1033 1175 1096 in
1199 1051 1302 1115 opere,
1325 1033 1454 1097 celeriter
1517 1049 1518 1098 3

241 1136 363 1202 factum
387 1139 448 1214 est,
472 1139 509 1201 ut
532 1137 587 1200 alii
610 1137 829 1220 eruptionibus
852 1139 1051 1216 resisterent,
1076 1139 1130 1203 clii
1152 1141 1258 1203 turres
1282 1139 1455 1203 reducerent

242 1262 454 1326 aggeremque
478 1243 755 1322 interscinderent,
786 1246 889 1308 omnis
919 1264 992 1309 vero
1021 1264 1059 1310 ex
1086 1245 1200 1310 castris
1227 1246 1398 1310 multitudo
1423 1245 1455 1309 ad

241 1351 505 1432 restinguendum
528 1354 738 1416 concurreret.

188 1463 230 1524 25
331 1456 413 1523 Cum
442 1458 475 1521 in
505 1456 651 1522 omnibus
681 1459 757 1523 locis
786 1459 974 1541 consumpta
1004 1459 1069 1522 iam
1097 1459 1220 1540 reliqua
1246 1461 1339 1542 parte
1365 1458 1454 1522 noctis

241 1566 451 1647 pugnaretur,
475 1583 662 1647 semperque
684 1564 830 1629 hostibus
854 1583 926 1647 spes
949 1565 1098 1630 victoriae
1122 1565 1399 1647 redintegraretur,
1426 1582 1454 1628 eo

241 1671 358 1752 magis,
388 1670 472 1753 quod
503 1671 633 1735 deustos
662 1671 788 1754 pluteos
817 1673 955 1736 turrium
989 1671 1140 1736 videbant
1173 1691 1231 1736 nec
1260 1671 1352 1736 facile
1380 1671 1453 1734 adire

242 1779 369 1860 apertos
393 1778 433 1842 ad
457 1777 674 1843 auxiliandum
697 1778 1008 1856 animadvertebant,
1032 1797 1219 1861 semperque
1242 1779 1305 1860 ipsi
1327 1779 1453 1842 recentes

242 1883 375 1948 defessis
406 1885 612 1952 succederent
644 1904 834 1966 omnemque
867 1884 989 1950 Galliae
1020 1885 1159 1949 salutem
1189 1885 1223 1948 in
1252 1885 1308 1948 illo
1337 1884 1454 1964 vestigio

241 1991 394 2072 temporis
416 1991 554 2072 positam
577 1992 821 2069 arbitrarentur,
846 1992 960 2056 accidit
981 1991 1234 2074 inspectantibus
1257 1991 1361 2067 nobis,
1383 1988 1454 2071 quod

218 2114 231 2156 r
244 2096 377 2178 dignum
392 2097 545 2162 memoria
560 2099 665 2162 visum
680 2097 949 2181 praetereundum
962 2117 1027 2162 non
1043 2098 1303 2162 existimavimus.
1333 2096 1453 2175 Quidam

243 2204 318 2267 ante
351 2205 477 2285 portam
511 2204 617 2286 oppidi
653 2203 765 2269 Gallus
798 2223 856 2287 per
889 2223 1005 2268 manus
1045 2205 1112 2268 sebi
1151 2223 1187 2268 ac
1219 2204 1299 2287 picis
1334 2203 1453 2267 traditas

243 2311 352 2392 glebas
380 2310 414 2374 in
442 2310 549 2392 ignem
578 2329 594 2374 e
622 2312 747 2392 regione
775 2311 873 2375 turris
896 2312 1087 2394 proiciebat:
1118 2311 1278 2393 scorpione
1308 2311 1347 2374 ab
1368 2311 1453 2372 latere

219 2418 354 2482 edentro
378 2418 531 2482 traiectus
555 2418 817 2499 exanimatusque
842 2417 986 2482 concidit.
1031 2417 1126 2481 Hunc
1154 2435 1190 2480 ex
1213 2417 1363 2499 proximis
1383 2431 1452 2479 unus

242 2526 400 2590 iacentem
422 2528 643 2609 transgressus
671 2526 782 2590 eodem
809 2526 864 2589 illo
886 2543 1018 2589 munere
1041 2523 1251 2606 fungebatu13
1283 2523 1390 2587 eadem
1412 2537 1453 2583 ra·
1522 2579 1523 2602 ,

317 2770 369 2810 su.
386 2769 410 2811 1.
434 2757 468 2810 ab
486 2762 603 2824 retroque
621 2757 707 2810 latere
731 2753 865 2823 terrimo]
890 2755 926 2808 Es
951 2754 1011 2807 sind
1035 2754 1076 2807 die
1100 2753 1193 2807 beiden
1211 2752 1301 2806 Seiten
1326 2751 1370 2805 des
1392 2748 1454 2804 rini-

244 2847 323 2901 seben
337 2846 460 2899 Dammes
473 2846 597 2912 gemeint,
612 2845 658 2898 der
671 2845 760 2898 reehts
774 2845 829 2898 und
842 2844 912 2898 links
923 2843 951 2912 je
964 2844 1040 2897 einen
1053 2842 1228 2910 beweglichen
1242 2842 1324 2894 Turni
1337 2841 1413 2894 hatte.
1426 2865 1453 2876 -

240 2937 365 3004 reliquas
396 2935 450 3002 res]
483 2935 575 2989 Worin
606 2939 699 3002 mdgen
726 2934 768 2987 die
801 2933 936 3001 sonstigen
967 2932 1186 3000 fauerfangenden
1213 2930 1296 2984 Stoffe
1327 2926 1454 2983 bestauden

242 3024 349 3078 haben?
373 3053 408 3062 -
431 3025 478 3078 cei
496 3024 536 3078 rei
550 3024 675 3093 primeca
692 3023 816 3090 seramus
834 3020 1005 3089 caecilium]
1027 3039 1088 3088 „wo
1106 3025 1211 3074 miissen
1230 3021 1278 3072 wir
1296 3021 1382 3072 zuerst
1397 3013 1454 3070 Hillo

242 3113 396 3182 bringen?“
415 3143 451 3152 -
468 3119 503 3167 et
521 3114 570 3167 circ
587 3114 663 3167 ratio
681 3112 751 3166 iniri
765 3113 868 3180 posset]
887 3110 951 3164 Man
968 3111 1067 3164 mulste
1086 3126 1115 3163 so
1133 3108 1211 3162 rasch
1228 3108 1351 3175 handeln,
1370 3105 1421 3160 deis
1432 3119 1454 3156 es

243 3220 303 3258 aum
320 3193 467 3270 Uberlegen
486 3202 560 3254 keinc
579 3201 637 3254 Zeit
654 3201 714 3269 gub.

317 3305 340 3346 c.
362 3292 480 3362 pertitio
505 3289 685 3358 tenporibus]
713 3290 768 3343 also
792 3289 820 3342 iu
844 3287 1053 3357 regelmdssigem
1071 3286 1204 3352 Wechsel,
1231 3284 1411 3350 umschichtig.
1427 3307 1454 3318 -

243 3381 366 3436 celeriter
383 3380 490 3447 foetum
508 3385 561 3446 cst,
579 3377 624 3446 et]
644 3395 693 3446 „es
712 3379 812 3432 wdhrte
830 3378 905 3431 nicht
922 3377 1013 3445 lunge,
1033 3393 1062 3429 so
1081 3376 1151 3429 ...“.
1177 3404 1211 3413 -
1237 3391 1363 3444 opperem
1384 3373 1455 3425 iater-

244 3469 412 3538 ece'odereret]
430 3469 540 3522 Warum
558 3468 643 3521 risscn
662 3467 700 3521 sie
717 3467 774 3520 eine
793 3467 877 3520 delre
895 3467 924 3519 in
942 3466 992 3518 den
1010 3463 1124 3518 Damni?

318 3556 395 3626 Καρ.
416 3557 468 3613 21).
510 3570 531 3612 1.
555 3558 664 3628 pluteos
682 3555 817 3624 torrium]
842 3555 891 3608 Die
909 3554 1096 3608 Brustwehren
1114 3554 1180 3606 oben
1204 3552 1306 3605 auden
1329 3548 1457 3605 amachan

245 3646 358 3702 Tiirmen
376 3663 462 3699 weron
480 3647 659 3714 abgebrannt3
678 3630 787 3699 deshalb
804 3645 903 3698 konnta
922 3643 964 3696 die
982 3640 1317 3710 Besatzungsmennschaft
1334 3637 1455 3692 desselben

242 3734 321 3791 nicht
347 3751 397 3788 von
424 3751 490 3802 ganz
517 3735 583 3789 oben
610 3735 690 3788 herab
719 3733 861 3800 schielsen,
889 3733 945 3786 also
972 3731 1040 3785 auch
1067 3730 1142 3784 keine
1169 3729 1323 3798 geniigende
1347 3727 1458 3790 Declsung

246 3824 361 3878 schaffen
379 3823 421 3876 fiir
440 3823 540 3890 solche,
560 3823 601 3876 die
619 3840 667 3877 aus
685 3823 745 3876 dem
762 3822 846 3890 Inger
863 3821 942 3874 ihnen
966 3820 1061 3874 suhille
1084 3819 1204 3873 kommen
1222 3818 1338 3872 wollten.
1372 3813 1457 3879 Infolge

243 3913 339 3967 -dessen
358 3915 443 3981 wegte
461 3912 517 3966 dies
534 3912 656 3966 niemand
674 3929 706 3965 nu
724 3911 808 3977 thuu,
827 3910 881 3964 und
899 3910 941 3963 die
960 3907 1059 3963 Gallier
1081 3908 1197 3962 konntan
1221 3906 1323 3973 hoffen,
1347 3905 1400 3958 sich
1421 3901 1458 3952 der

246 4001 480 4070 abgeschnittenen
498 4002 592 4056 Tiirme
616 4019 647 4054 zu
672 4000 862 4067 bemdchtigen.
889 4027 921 4035 -
945 3998 1011 4066 e'pse']
1032 3997 1099 4064 „auf
1121 3996 1192 4049 ihrer
1210 3994 1311 4049 Seite&
1336 4023 1369 4034 -
1390 3988 1457 4046 oesti-

243 4092 323 4159 91111
341 4090 482 4159 temporis]
507 4089 560 4143 sur
579 4088 784 4157 ,‚Augenblicls“
803 4087 852 4140 hat
869 4087 916 4139 der
933 4086 1055 4140 lateiner
1078 4086 1138 4138 kain
1162 4083 1319 4138 besonderes
1336 4082 1413 4136 Wort
1430 4105 1457 4115 -

246 4180 359 4248 eccidit,
378 4179 463 4249 quod]
486 4178 545 4232 Wir
563 4178 684 4231 schieben
702 4177 744 4230 ein
763 4175 918 4229 Substantiv
937 4175 998 4228 oder
1017 4175 1139 4241 ‚,etwas“
1159 4173 1210 4227 ein.
1237 4201 1272 4212 -—
1293 4176 1457 4242 praetereun-

242 4270 324 4337 dem]
344 4270 416 4324 aiche
434 4269 485 4322 mit
502 4267 549 4322 der
566 4267 699 4335 Negation
718 4266 745 4320 in
763 4265 838 4318 einen
856 4264 957 4332 Begriff
973 4280 1129 4318 zusammen.

320 4373 333 4414 a
349 4377 373 4413 ιι.
390 4371 414 4413 1.
434 4360 508 4413 broco
526 4355 671 4423 iacentem]
691 4356 777 4422 „liber
795 4354 865 4408 seins
878 4353 1002 4410 Ieiche“.
1022 4382 1056 4394 —
1075 4350 1190 4419 memes]
1210 4350 1356 4418 „Dienst“.
1376 4377 1404 4386 -
1422 4358 1459 4398 er·
