3134 4922
522 347 619 404 comm.
637 348 686 416 111,
704 366 725 403 c.
746 348 860 404 13-15.
1268 347 1305 408 ab

81 508 207 572 abscisis
232 510 401 574 antemnae
425 510 602 574 necessario
626 510 842 587 concidebant,
871 531 917 585 u,
946 531 1020 576 oum
1044 511 1146 575 omnis
1171 510 1301 576 Gallicis

83 614 210 679 navibus
235 633 309 698 spes
331 615 365 678 in
380 615 459 680 velis
477 617 747 710 armamentisque
772 617 968 694 consisteret,
991 617 1043 681 his
1067 618 1184 701 ereptis
1201 619 1302 683 omnis

84 722 317 786 uenenarium
347 741 409 786 uno
439 723 580 805 tempore
611 723 794 805 eriperetur.
840 723 1012 805 Reliquum
1042 726 1111 788 erat
1141 725 1328 789 certamens
1445 799 1447 804 ¹

82 829 215 910 positum
238 828 273 892 in
297 828 424 906 virtute,
449 847 513 911 qua
535 830 637 893 nostri
659 829 779 894 milites
801 829 894 894 facile
918 830 1121 913 superabant,
1145 832 1242 912 atque
1266 849 1302 894 eo

79 935 190 1016 magis,
214 935 300 1017 quod
323 936 357 999 in
380 937 551 1018 conspectu
575 935 720 1001 Caesaris
745 938 842 1017 atque
867 937 969 1001 omnis
995 937 1151 1001 exercitus
1174 954 1226 1001 res
1250 955 1304 1018 ge·

83 1041 214 1120 rebatur,
238 1043 277 1106 ut
300 1043 426 1106 nullum
447 1042 543 1125 paulo
560 1040 672 1107 fortius
688 1042 812 1107 factum
828 1043 928 1107 latere
944 1044 1067 1126 posset;
1091 1061 1200 1107 omnes
1217 1043 1328 1140 enims

78 1147 169 1212 colles
194 1166 231 1212 ac
254 1149 326 1212 loca
350 1149 521 1230 superiora,
543 1148 628 1213 unde
652 1150 722 1212 erat
744 1149 941 1231 propinquus
958 1149 1125 1232 despectus
1149 1150 1182 1213 in
1205 1168 1302 1226 mare,

79 1254 118 1317 ab
138 1255 280 1320 exercitu
304 1255 504 1320 tenebantur.

163 1361 326 1438 Disiectis,
350 1361 387 1424 ut
402 1360 548 1438 diximus,
572 1361 740 1438 antemnis,
764 1381 837 1424 curn
858 1361 1000 1443 singulas
1023 1363 1116 1426 binae
1140 1380 1177 1427 ao
1192 1365 1301 1426 ternae
1315 1365 1355 1426 lb

82 1486 171 1532 naves
196 1469 485 1544 circumsteterant,
509 1468 628 1532 milites
652 1485 778 1531 summa
802 1468 833 1531 ri
858 1468 1083 1533 transcendere
1106 1470 1139 1532 iu
1163 1469 1302 1533 hostium

79 1593 170 1639 naves
187 1574 434 1640 contendebant.
473 1572 564 1652 Quod
579 1577 750 1657 postquam
765 1575 893 1638 barbari
913 1575 983 1655 fieri
999 1575 1302 1652 animadverterunt,
1315 1593 1328 1635 2

80 1682 264 1764 expugnatis
294 1681 511 1764 compluribus
541 1681 690 1758 naribus,
726 1700 799 1745 cunr
829 1681 858 1744 ei
880 1681 927 1746 rei
955 1683 1082 1746 nullum
1111 1682 1304 1764 reperiretur

81 1788 243 1864 auxilium,
279 1787 357 1870 fuga
388 1787 526 1851 salutem
555 1789 663 1869 petere
692 1787 932 1852 contenderunt.
978 1792 1024 1853 Ac
1051 1787 1117 1852 iam
1145 1788 1328 1853 conversisa

81 1894 201 1959 ineam
223 1897 353 1978 partam
376 1893 520 1971 navibus,
545 1912 606 1974 qno
630 1896 745 1959 ventus
769 1893 899 1971 ferebat,
924 1896 1016 1958 tanta
1040 1895 1145 1959 subito
1167 1894 1304 1958 malacia

80 2019 114 2065 ac
144 2001 367 2083 tranquillitas
408 2000 545 2076 exst'tit,
587 2002 625 2063 ut
662 2018 695 2064 se
732 2018 768 2064 ex
811 2002 878 2065 loco
912 2019 1037 2066 movere
1069 2020 1131 2065 non
1166 2004 1303 2083 possent.

81 2105 162 2185 Quae
186 2108 320 2190 quidem
350 2125 401 2171 res
432 2106 472 2170 ad
503 2107 668 2188 negotium
692 2106 921 2172 conficiendum
949 2108 1085 2172 manure
1109 2107 1171 2171 fuit
1194 2125 1327 2190 oppon-r

82 2215 170 2288 tuna;
194 2233 275 2278 narn
299 2214 442 2296 singulas
465 2214 567 2278 nostri
583 2213 757 2278 consectati
781 2216 1052 2297 expugnaverunt,
1074 2215 1112 2277 ut
1126 2231 1328 2296 perpaucaes

80 2407 121 2462 des
137 2408 370 2479 vorhergehenden
389 2406 567 2462 Nebensatees
586 2407 642 2460 ein!
679 2405 740 2462 Aul.
759 2407 796 2473 Μ,
815 2406 877 2461 ΝΒ.
898 2436 931 2446 ·-
956 2408 1039 2462 remis
1057 2407 1187 2475 incitare]
1207 2408 1304 2474 „resch

81 2500 198 2550 rorwtrts
217 2497 319 2551 rudem
329 2497 354 2550 “.

146 2600 169 2640 r.
196 2584 356 2642 necessario
382 2585 575 2654 concidebant]
602 2584 663 2639 Aul.
682 2583 733 2639 N’.
762 2615 797 2623 —
824 2585 1008 2652 arctamenta]
1038 2584 1241 2652 „Talrelwerlr“.
1270 2614 1305 2623 —

79 2674 184 2744 ereptis]
202 2676 243 2730 ist
262 2674 384 2728 wbrtlieh
403 2691 434 2728 zu
453 2673 602 2728 verstehen:
623 2674 678 2728 dies
697 2672 890 2728 herabfallende
908 2674 1060 2728 Takelwerlr
1078 2673 1167 2727 uurde
1184 2691 1233 2727 von
1255 2675 1305 2728 den

79 2762 185 2818 numeru
210 2764 240 2818 in
268 2763 320 2818 dan
337 2763 457 2833 ringsum
475 2761 619 2818 stehcnden
638 2761 752 2816 Schiffen
775 2761 967 2833 (Kup.15,1)
989 2762 1305 2832 weggerissen(nachher

79 2850 197 2908 disiectis
210 2851 282 2923 Kap.
298 2852 340 2919 15,
356 2854 383 2918 1)
402 2851 456 2906 und
475 2851 690 2906 wahrscheinlich
707 2851 750 2905 ins
763 2851 871 2906 Wasser
888 2852 1025 2920 gonorian,
1045 2869 1074 2906 sc
1092 2850 1151 2905 dass
1169 2851 1224 2905 also
1236 2851 1304 2905 auch

78 2939 130 2994 eine
147 2941 240 2996 raschs
261 2939 533 3009 Wiederherstellung
551 2940 602 2995 den
619 2939 752 2994 Venetam
770 2957 837 3009 ganz
855 2940 1005 3009 unmbglich
1023 2956 1084 2994 war.
1105 2970 1137 2978 -
1156 2955 1237 2995 usum
1251 2940 1303 2994 eri·

77 3045 136 3096 pere
153 3030 280 3085 alicuius
297 3029 352 3097 rei]
372 3029 438 3096 „die
455 3029 613 3098 Benutznng
631 3045 679 3083 von
699 3031 781 3084 etwas
799 3029 948 3098 unmbglich
966 3028 1107 3083 maehen“.

146 3128 169 3174 8.
187 3115 338 3190 reliquum]
358 3117 396 3172 ist
413 3117 545 3171 Attribnt.
565 3147 599 3155 -
616 3132 675 3172 rem
690 3116 794 3188 perere]
814 3117 988 3189 „kitmpfen“.
1005 3147 1038 3156 -
1052 3116 1153 3188 paulo]
1174 3117 1304 3186 „einiger-

79 3205 203 3262 nnana
223 3237 261 3247 -
281 3207 376 3274 tatere]
397 3205 577 3273 „nnbsmemt
593 3205 727 3261 bleiben“.

143 3295 223 3366 Καρ.
247 3295 300 3350 15.
347 3307 367 3349 1.
396 3294 520 3350 dialectis
600 3295 752 3362 antemnis,
780 3294 852 3364 cocu]
879 3293 947 3349 nach
971 3294 1032 3349 nul.
1051 3295 1088 3350 Μ.
1116 3325 1149 3335 -
1177 3295 1303 3364 disicere]

79 3384 288 3454 ,‚wegreitsen‘⁸;
318 3384 370 3454 rgl.
389 3384 490 3453 ereptio
507 3383 574 3455 Kap.
594 3384 636 3452 14,
656 3385 680 3438 7.
710 3411 743 3422 -
773 3383 908 3439 binaeue
926 3384 1031 3453 terem]
1055 3385 1156 3439 kommt
1174 3385 1202 3439 in
1220 3385 1304 3439 seiner

77 3471 234 3544 Bedentung
253 3473 301 3527 aui
316 3473 399 3528 binam
417 3477 468 3527 aut
485 3477 582 3528 ternae
599 3471 702 3526 hinans.
722 3501 756 3511 —
781 3472 990 3542 circumstetere]
1010 3472 1249 3540 „nmschlielsen“.
1270 3504 1304 3511 —

78 3577 179 3618 numm
198 3563 241 3631 vc]
264 3562 335 3631 „mit
353 3561 419 3616 aller
437 3559 569 3617 Gewalt“.

146 3663 170 3706 2.
194 3651 272 3722 proed
293 3651 366 3720 fleca]
395 3650 451 3705 Das
473 3650 590 3704 Verbum
618 3649 704 3704 bleibt
731 3650 910 3704 nntibersetzt.
935 3679 971 3688 -
999 3650 1138 3706 caecilium
1165 3651 1304 3721 reperitur

78 3739 163 3795 elicui
186 3740 242 3810 ret]
270 3757 320 3808 „es
342 3739 426 3794 findet
445 3739 502 3794 sich
519 3738 624 3795 Abhille
646 3755 730 3808 gegen
741 3747 744 3754 '
754 3738 872 3805 etwas“;
896 3739 949 3807 vgl.
969 3738 1187 3806 difficultatibus
1204 3739 1241 3807 H,
1260 3740 1303 3804 20,

77 3827 101 3881 3.
119 3858 153 3869 -
171 3829 246 3900 supa
265 3829 382 3884 mutem
395 3828 501 3898 petere]
520 3870 536 3896 „
543 3828 599 3882 sein
612 3827 674 3883 Hsil
691 3829 720 3882 in
738 3827 785 3882 der
798 3827 895 3882 llnoht
912 3828 1023 3895 scobem
1043 3828 1099 3882 sich
1113 3827 1195 3882 durch
1207 3827 1304 3882 Illucht

78 3931 108 3969 zu
125 3919 211 3972 retten
233 3915 363 3972 sucheu“.
384 3943 417 3956 -
437 3916 648 3985 contendebanit]
667 3914 728 3974 Aul.
749 3915 777 3972 G.
1105 3945 1108 3954 ι

147 4017 206 4060 tu.
228 4018 254 4059 ⁴.
272 4005 339 4076 prce]
367 4005 420 4074 vgl.
438 4021 469 4060 eo
487 4005 513 4072 Ι,
532 4005 575 4072 42,
595 4006 620 4060 5.
648 4035 684 4044 -
711 4011 810 4061 oeobcc
827 4005 896 4074 fert]
921 4005 989 4060 ohne
1007 4004 1117 4074 Obielrt:
1137 4005 1207 4072 „der
1224 4004 1304 4059 Wind

77 4091 176 4149 weht“.
197 4124 233 4134 -
256 4109 285 4150 ce
303 4093 418 4162 mecm]
438 4094 517 4162 „sich
535 4094 662 4149 rdhrerr“.
681 4125 716 4135 —
740 4110 811 4164 quoe
824 4094 933 4165 miden
950 4093 1004 4162 rec]
1022 4093 1045 4160 I,
1063 4094 1107 4161 53,
1126 4094 1151 4148 6.
1172 4123 1205 4133 -
1223 4108 1304 4163 nepo·

78 4181 145 4237 bem
162 4183 308 4252 coetficere]
324 4171 364 4237 ist
382 4182 595 4238 vollstlinrlicher
611 4183 752 4240 Ausdruolr
769 4184 830 4240 wisa
850 4183 913 4253 „die
931 4183 1014 4239 Ssclre
1032 4182 1166 4238 abtbun“.

99 4289 101 4296 ’
147 4285 171 4327 t.
194 4271 325 4342 mulce
342 4271 450 4339 (moes)
468 4273 629 4342 cemoeterio]
655 4273 748 4341 „eines
767 4275 834 4328 nach
852 4275 912 4328 dem
929 4273 1029 4329 modern
1047 4267 1192 4342 vertentes
1210 4285 1323 4326 ansere

77 4357 156 4414 lente
173 4361 232 4416 und
250 4360 321 4417 ...“.
341 4388 375 4399 -
388 4360 555 4430 perpaucae]
574 4359 650 4416 Setae
668 4362 711 4416 ein
729 4361 871 4417 Wbrtchen
889 4363 982 4417 hinnu!
1073 4393 1077 4400 ·
1173 4371 1176 4378 '
