3086 4920
524 369 621 426 comm.
640 369 700 438 un,
719 387 741 426 ο.
759 370 876 425 rc-rs.
1110 353 1111 356 ‘
1259 369 1317 430 asa

71 532 195 598 celeris
227 531 378 596 victoriae
417 533 448 596 et
477 531 619 596 hostium
648 531 726 613 fuga
755 534 788 597 et
818 531 1017 614 superiorum
1053 533 1234 615 temporum
1265 551 1316 598 se·

71 639 196 705 cundis
225 639 353 722 procliis
376 639 456 702 nihil
480 638 557 704 adeo
580 638 718 704 arduum
742 639 802 703 sibi
825 657 894 703 csse
919 638 1198 716 existimaverunt,
1230 640 1314 722 quod

69 765 143 812 non
168 746 291 810 virtute
315 745 465 827 consequi
486 747 626 828 possent,
649 763 753 826 neque
769 745 867 810 finem
881 745 970 827 prius
988 745 1143 828 sequendi
1159 745 1314 825 fecerunt,

72 873 182 936 quam
218 872 310 918 muro
349 853 454 936 oppidi
491 853 655 936 portisque
694 853 997 935 appropinquarunt.
1042 852 1125 916 Tum
1163 871 1237 917 vcro
1276 871 1339 917 exo

71 961 233 1026 omnibus
262 952 357 1025 urbis
378 960 525 1042 partibus
558 961 626 1024 orto
658 959 795 1024 clamore
819 959 875 1041 qui
897 959 1022 1041 longius
1047 959 1180 1024 aberant
1202 977 1315 1042 repen·

71 1067 148 1132 tino
173 1067 321 1132 tumultu
344 1066 514 1150 perterriti,
537 1086 610 1132 cum
632 1067 759 1132 hostem
773 1066 859 1130 intra
874 1067 983 1148 portas
1000 1083 1069 1130 esse
1086 1065 1314 1145 existimarent,

72 1192 150 1240 sese
175 1191 216 1237 ex
239 1172 352 1256 oppido
376 1172 544 1238 eiecerunt.
589 1172 851 1238 Matresfamilicc
875 1172 913 1237 de
936 1190 1027 1238 muro
1050 1175 1174 1238 vestem
1202 1189 1339 1255 argon-r

71 1282 220 1361 tumque
255 1279 419 1344 iactabant
452 1281 485 1344 et
519 1280 645 1362 pectore
674 1279 760 1343 nudo
789 1279 1005 1362 prominentes
1034 1280 1137 1361 passis
1165 1280 1313 1345 manibus

72 1386 330 1452 obtestabantur
352 1385 529 1464 Romanos,
557 1388 595 1451 ut
625 1385 684 1450 sibi
714 1387 882 1468 parcerent
903 1403 983 1462 neu,
1013 1385 1097 1450 sicut
1119 1386 1246 1452 Avarici
1269 1385 1314 1450 f-

72 1494 220 1570 cissent,
253 1511 294 1558 ne
325 1511 344 1556 a
374 1493 562 1558 mulieribus
592 1492 721 1574 quidem
756 1494 852 1574 atque
886 1491 1063 1557 infantibus
1099 1493 1314 1568 abstinerent;

70 1599 258 1666 nonnullae
281 1599 319 1664 de
342 1599 443 1664 muris
466 1618 523 1683 per
545 1618 661 1664 manus
685 1599 842 1664 demissae
866 1618 934 1664 sese
957 1599 1112 1664 militibus
1135 1599 1339 1664 tradebantc

71 1707 203 1772 Lucius
227 1706 361 1785 Fabius,
390 1707 533 1771 centurio
563 1706 695 1788 legionis
719 1706 819 1784 VIII,
850 1725 946 1787 quem
974 1708 1058 1770 inter
1089 1724 1163 1770 suos
1195 1725 1231 1770 eo
1264 1705 1338 1771 dica

73 1813 201 1878 dixisse
238 1813 405 1878 constabat
435 1813 567 1888 excitari
597 1832 630 1878 se
654 1813 899 1879 Avaricensibus
929 1813 1079 1896 praemiis
1103 1832 1207 1894 neque
1231 1831 1315 1878 com-

73 1921 273 1996 missurum,
296 1921 333 1984 ut
355 1920 444 2002 prius
469 1920 640 2002 quisquam
662 1939 792 1984 murum
809 1920 1003 1998 ascenderet,
1026 1921 1092 1984 tres
1109 1939 1184 1985 suos
1200 1921 1314 1984 nactus

73 2026 304 2109 manipulares
336 2028 432 2108 atque
464 2027 503 2092 ab
526 2027 565 2092 iis
589 2027 775 2110 sublevatus
805 2047 936 2092 murum
966 2027 1127 2102 ascendit3
1159 2028 1217 2092 hos
1247 2027 1314 2110 ipse

73 2151 198 2198 rursus
225 2133 366 2214 singulos
390 2135 559 2216 exceptans
581 2135 615 2198 in
638 2152 768 2198 murum
792 2134 913 2198 extulit.

173 2239 312 2304 Interim
334 2240 372 2318 ii,
403 2241 458 2322 qui
482 2239 522 2304 ad
546 2241 682 2306 alteram
704 2243 831 2323 partem
855 2240 976 2323 oppidi,
1004 2243 1164 2323 utsupra
1188 2240 1316 2304 demon·
1324 2240 1372 2301 48

75 2347 273 2424 stravimus,
295 2346 481 2411 munitionis
502 2365 604 2416 causa
627 2350 848 2425 convenerant,
871 2347 973 2430 primo
998 2348 1145 2412 exaudito
1169 2348 1316 2425 clamore,

74 2453 156 2518 iude
195 2453 295 2517 etiam
329 2454 447 2518 crebris
477 2454 599 2518 nuntiis
630 2454 769 2531 incitati,
805 2454 957 2536 oppidum
987 2453 1181 2518 aRomanis
1205 2453 1316 2528 teneri,

74 2560 274 2644 praemissis
309 2561 469 2641 equitibus
504 2579 620 2643 magno
656 2579 812 2626 concursu
842 2579 877 2624 eo
910 2560 1149 2624 contenderunt.
1194 2559 1341 2624 Eorumc

159 2802 220 2844 au.
240 2802 264 2842 4.
290 2789 368 2858 clati]
395 2790 619 2858 ,‚iortgerisscn“.
645 2819 678 2830 -
703 2791 785 2856 finem
802 2788 906 2858 facere]
931 2789 1033 2844 Blolscs
1052 2789 1181 2842 Verbum!
1208 2817 1240 2826 —·
1268 2788 1317 2857 qai

75 2877 217 2944 aberant]
242 2877 303 2931 Anl.
323 2876 355 2933 A.
381 2907 415 2916 -
439 2894 495 2934 aesc
573 2879 722 2946 ctcccrcat]
747 2878 830 2932 Nicht
852 2895 897 2932 um
920 2897 952 2932 nu
975 2879 1110 2948 kdmpfen,
1136 2878 1248 2931 sondern
1273 2894 1317 2930 um

77 2986 113 3022 zu
132 2967 242 3020 flichen.
841 2967 849 2974 '

160 3069 185 3110 e.
211 3053 301 3123 acetis]
321 3055 394 3109 steht
412 3058 481 3110 stete
499 3056 535 3110 im
554 3055 626 3124 Sing.
650 3086 684 3095 -
703 3057 902 3126 prominentes]
927 3056 969 3110 Sie
987 3057 1101 3124 beugteu
1120 3055 1176 3109 sich
1194 3056 1258 3108 iiber
1276 3054 1319 3108 die

75 3146 180 3200 Mauor
199 3161 247 3198 vor
264 3144 318 3198 und
338 3145 444 3200 wollten
462 3145 530 3198 wobl
548 3145 692 3212 audentea,
711 3144 769 3198 duis
788 3145 825 3198 sie
844 3146 883 3199 als
902 3145 1004 3199 Mittor
1022 3145 1161 3215 Anspruch
1179 3144 1226 3197 auf
1241 3143 1318 3198 Sabo·

76 3251 160 3302 nung
179 3233 286 3287 hitten.
305 3263 338 3272 -
358 3249 415 3288 aon
433 3233 569 3289 abatabccrc
588 3235 623 3288 ab
642 3235 747 3302 aitqua]
768 3234 845 3301 „sich
864 3251 897 3288 au
913 3233 1019 3302 jemand
1037 3234 1210 3302 vergreifcn“.

162 3334 187 3376 c.
209 3337 263 3390 pcc
284 3323 395 3390 manac]
420 3322 470 3376 Die
489 3323 554 3376 oben
573 3322 721 3376 Stehendcn
744 3322 836 3376 besson
859 3323 897 3376 sie
916 3340 949 3376 an
968 3323 1014 3376 der
1031 3322 1112 3376 Hand
1129 3322 1264 3375 herunter.
1284 3351 1320 3358 -

76 3428 140 3468 acac
226 3411 388 3478 tradebant]
414 3411 506 3464 Indem
530 3412 567 3464 eie
591 3412 659 3479 sich,
684 3412 810 3466 nachdcm
834 3411 871 3464 sie
890 3413 954 3466 eben
973 3411 1014 3465 die
1032 3411 1157 3466 solusne
1175 3409 1320 3464 beschenlrt

77 3503 199 3564 hatten,
224 3499 304 3554 ihncn
322 3501 447 3568 ergabcn,
472 3501 572 3554 boillon
596 3501 633 3554 sie
656 3501 725 3555 wohl
748 3501 861 3555 sicherer
879 3499 970 3555 Gnade
988 3518 1020 3554 nu
1037 3500 1137 3568 finden,
1163 3500 1203 3554 als
1222 3502 1320 3570 opiter,

77 3605 163 3644 wenn
182 3605 212 3642 cs
231 3605 290 3642 zum
307 3577 464 3644 dulserstou
482 3590 634 3659 gekommcn
653 3596 728 3645 wire.
821 3584 822 3587 ’
844 3597 846 3602 ’

162 3688 186 3732 t.
207 3692 287 3745 quem
365 3679 518 3748 constabat]
542 3678 603 3734 Anl.
622 3677 668 3734 Pi.
695 3709 728 3718 -
753 3679 969 3734 Avaricensibus
989 3678 1134 3748 praetacta]
1160 3678 1209 3732 Die
1226 3678 1321 3732 Beloh·

78 3783 196 3834 nungen
216 3783 265 3820 ron
284 3765 428 3822 Avarikum
446 3768 593 3823 stachelten
616 3769 663 3822 ibn
684 3769 800 3823 insolam
823 3786 869 3835 an,
894 3768 934 3822 als
952 3785 981 3821 er
997 3768 1092 3835 holiba,
1114 3768 1183 3836 jebet
1201 3767 1319 3836 gleichen

78 3856 164 3911 Prois
182 3872 216 3908 zu
234 3855 366 3924 erlangen‚
386 3857 433 3910 wie
451 3857 497 3912 ibn
511 3856 592 3912 Cdsar
610 3857 710 3912 damals
729 3856 873 3911 verheilsen
891 3857 975 3911 hatto.
995 3887 1028 3896 -
1047 3857 1157 3924 cadas]
1176 3856 1212 3910 Er
1226 3855 1320 3910 wulste

79 3945 144 4000 drei
163 3944 247 3998 leuto
272 3961 319 3998 aus
344 3946 441 4000 seiuem
458 3946 574 4016 Manipcl
597 3964 629 4000 nu
651 3947 798 4015 geainnen,
823 3963 868 3999 um
892 3945 979 3999 eeinen
998 3946 1064 3999 Plan
1082 3946 1265 4000 ausnufiihren.
1284 3974 1319 3984 -
1353 3938 1356 3942 ’

78 4033 159 4106 spec]
180 4033 385 4100 „sciuerseits“.

162 4120 242 4188 nep.
262 4122 308 4178 48.
350 4135 371 4178 1.
397 4124 485 4180 crebri
506 4123 616 4191 cambit]
640 4123 676 4177 Es
700 4123 761 4176 kam
782 4122 922 4176 Botschadt
946 4122 992 4176 auf
1013 4122 1152 4178 BotscbaIt
1176 4140 1208 4177 nu
1231 4123 1319 4189 ibnen,

80 4211 175 4267 durch
199 4211 295 4265 welche
318 4211 356 4266 sie
375 4229 421 4266 zur
438 4212 496 4267 Eile
514 4215 675 4283 angospornt
692 4212 807 4266 wurden.
831 4240 867 4249 -
888 4229 989 4282 mapao
1007 4227 1143 4267 coacarsa
1161 4227 1192 4267 co
1210 4215 1320 4266 coama-

79 4300 205 4367 dcrwat]
238 4300 296 4354 Wir
324 4317 402 4370 sagon
430 4302 481 4355 mib
508 4301 591 4356 einem
618 4301 722 4354 kleinen
748 4300 869 4354 Wacbsol
897 4301 943 4354 der
969 4300 1075 4355 Worto:
1104 4300 1164 4368 „sie
1192 4302 1320 4354 strdmten

79 4390 182 4459 eib'gst
200 4389 310 4446 dabin“.
