3136 4928
220 367 276 430 δῧθ
713 370 753 424 Da
770 369 839 424 ballo
858 368 958 425 Gallico

168 540 213 600 bt
311 532 384 614 Ipso
407 531 547 596 hibernis
570 531 708 614 parantis
731 534 842 597 eontra
864 530 1127 596 consuetudinem
1149 531 1183 594 in
1205 530 1338 596 Italiam
1355 551 1455 614 quam
1555 601 1556 632 ἢ

222 638 368 702 maximis
392 636 558 702 itineribus
582 640 633 702 ast
655 637 831 720 proiectus,
854 639 893 701 ut
921 637 1092 720 municipia
1116 639 1148 701 et
1171 639 1311 702 oolonias
1344 639 1453 722 appel·
1555 633 1556 638 ’

222 745 312 821 laret,
336 744 451 825 quibus
474 743 519 809 M.
534 744 674 821 Antonii,
698 743 875 825 quaestoris
899 743 957 820 sui,
981 743 1258 809 commendaverat
1281 745 1454 809 sacerdotii

197 851 417 935 apetitionem
469 849 690 916 Contendebat
719 851 805 914 anim
830 850 939 932 gratia
969 869 1042 914 oum
1071 851 1208 915 libenter
1236 870 1293 935 pro
1322 852 1456 916 homine

222 958 283 1022 sibi
306 956 580 1034 eoniunotissimo‚
604 975 699 1038 quam
722 957 817 1039 paulo
841 958 915 1020 ante
944 951 1153 1040 praemiserat
1183 957 1224 1021 ad
1253 957 1457 1040 petitionem,

221 1067 293 1129 tum
317 1065 432 1128 aoriter
455 1065 565 1129 eontra
587 1063 757 1128 factionem
781 1065 815 1128 at
836 1064 1013 1146 potentiam
1035 1082 1219 1146 pannorum,
1243 1064 1300 1146 qui
1323 1065 1368 1128 M.
1389 1067 1459 1128 An-

221 1171 300 1238 tonii
334 1171 462 1255 repulsa
492 1170 637 1236 Caesaris
672 1169 853 1235 decedentis
887 1170 1025 1252 gratiam
1059 1171 1234 1236 oonvellere
1270 1171 1458 1254 cupiebant.

197 1278 316 1342 sHuno
348 1278 409 1342 etsi
439 1296 593 1360 augurem
622 1277 710 1360 prius
740 1277 878 1355 fantum,
910 1296 1007 1360 quam
1036 1277 1166 1342 Italiam
1196 1277 1390 1359 attingeret,
1419 1279 1456 1341 in

222 1384 335 1449 itinere
359 1384 518 1461 audierat,
548 1386 656 1449 tamen
679 1403 744 1448 non
766 1385 873 1449 minus
896 1385 1016 1449 iustam
1040 1384 1099 1449 sibi
1122 1402 1253 1448 oausam
1276 1384 1459 1467 muniaipia

224 1492 257 1555 et
279 1491 417 1555 oolonias
441 1490 579 1555 adeundi
601 1490 809 1567 existimavit,
839 1493 877 1555 ut
899 1491 938 1554 iis
968 1491 1088 1573 gratias
1118 1492 1243 1572 ageret,
1273 1491 1361 1572 quod
1391 1491 1458 1555 fre·
1556 1569 1557 1589 Χ

197 1596 388 1678 aquaritiam
418 1598 516 1679 atque
546 1596 685 1662 offitium
715 1615 810 1661 suum
839 1597 976 1662 Antonio
1006 1596 1255 1679 praestitissent,
1293 1597 1459 1678 simulque
1556 1599 1557 1664 ἒ

223 1721 257 1768 se
281 1706 313 1768 et
335 1703 489 1768 honorem
513 1722 607 1768 suum
631 1704 794 1785 sequentis
818 1704 894 1768 anni
910 1703 1148 1768 oommendaret
1170 1703 1336 1786 petitione,
1359 1722 1459 1787 prop-
1556 1704 1557 1794 ζ

222 1811 311 1875 terea
335 1807 419 1892 quod
441 1810 617 1874 insolenter
640 1810 812 1875 adversarii
835 1811 886 1874 sui
917 1810 1132 1892 gloriarentur
1153 1810 1189 1874 L.
1212 1810 1392 1875 Lentulum
1421 1813 1460 1874 et

223 1915 257 1981 C.
273 1917 464 1980 Mareellum
487 1916 633 1982 consulas
656 1919 789 1994 creatos,
812 1917 867 1999 qui
890 1935 1019 1981 omnem
1040 1917 1195 1981 honorem
1211 1919 1244 1981 et
1260 1916 1456 1998 dignitatern

224 2021 371 2087 Caesaris
406 2023 594 2106 spoliarent,
629 2025 775 2106 ereptum
811 2023 877 2088 Ser.
908 2022 1028 2089 Galbae
1064 2024 1282 2100 consulatum,
1317 2043 1394 2087 eum
1426 2024 1459 2087 is

223 2129 326 2192 multo
349 2129 422 2212 plus
446 2130 549 2211 gratia
572 2129 795 2212 suffragiisque
819 2130 988 2207 valuisset,
1017 2130 1101 2211 quod
1124 2131 1184 2194 sibi
1208 2130 1399 2195 ooniunotus
1422 2133 1460 2194 et

224 2233 443 2300 familiaritate
467 2238 500 2300 at
523 2237 750 2301 eonsuetudine
773 2236 941 2318 legationis
966 2237 1059 2301 esset.

169 2348 212 2409 bl
312 2342 471 2426 Exceptus
504 2345 553 2407 est
583 2342 727 2408 Caesaris
758 2343 916 2408 adventus
947 2344 986 2408 ab
1021 2342 1168 2407 omnibus
1202 2343 1387 2426 municipiis
1422 2345 1460 2407 et

294 2581 372 2650 Καρ.
393 2582 442 2637 oo.
484 2593 505 2635 1.
524 2579 627 2649 Italia]
646 2581 684 2635 ist
703 2582 799 2636 Gallia
817 2583 964 2651 asapius,
984 2582 1064 2635 daran
1082 2580 1176 2635 Sttdta
1194 2580 1231 2633 im
1248 2580 1273 2634 J.
1294 2581 1331 2635 90
1349 2599 1372 2635 v.
1392 2579 1459 2636 Chr.

223 2669 274 2722 mit
298 2669 357 2723 dem
381 2670 466 2724 vollen
484 2669 661 2738 Blirgarreoht
685 2670 752 2723 auah
777 2670 824 2724 das
842 2671 1013 2724 Stimmreoht
1036 2671 1064 2724 in
1088 2669 1138 2724 dan
1157 2669 1290 2723 Komitian
1308 2669 1392 2722 Roma
1416 2685 1455 2721 er-

223 2758 315 2812 haltan
333 2759 434 2812 hatten.
471 2758 528 2811 Den
547 2758 665 2827 Blirgarn
684 2759 769 2812 diasm
786 2759 880 2812 Stadte
899 2759 952 2812 will
970 2775 998 2812 as
1017 2757 1098 2814 Cisar
1117 2757 1200 2812 durch
1218 2758 1383 2828 persbnliohe
1400 2757 1458 2811 An·
1557 2788 1558 2808 l

225 2847 332 2916 spraoha
350 2863 398 2900 ans
416 2846 486 2900 Hora
509 2847 598 2915 legen,
621 2864 654 2901 zu
677 2847 726 2900 don
744 2847 938 2916 Augurwahlan
956 2847 1023 2900 nach
1040 2847 1108 2900 Rom
1127 2863 1159 2900 nu
1177 2847 1261 2914 gahan
1281 2847 1337 2899 und
1356 2847 1458 2900 seinana
1557 2815 1558 2910 l

224 2933 339 3000 Quistor
356 2935 487 2989 Antonius
506 2935 589 2989 diasat
608 2936 782 2990 Priantaramt
799 2954 831 2990 zu
849 2936 1016 2990 rarsehaffan.
1048 2963 1074 2973 -
1098 2935 1256 3005 itineribus]
1275 2935 1330 2988 aur
1348 2933 1460 2989 Marsoln
1557 2929 1558 2932 ’

224 3024 279 3078 und
297 3023 434 3094 Tagaraisa
451 3024 501 3078 hat
518 3024 564 3078 dar
581 3025 703 3078 Iatainar
720 3042 771 3078 nur
789 3025 845 3079 dies
863 3025 920 3079 eina
938 3025 1022 3079 Wort

298 3134 321 3177 a.
339 3123 519 3178 commutabat
599 3123 714 3190 acriter]
739 3123 792 3177 Der
809 3123 989 3194 Wahlkampi‚
1010 3123 1050 3176 bai
1069 3122 1128 3176 dam
1146 3121 1227 3178 Ctsar
1245 3122 1334 3176 seinen
1354 3138 1457 3190 gaurein

224 3210 335 3264 Einflnis
363 3212 503 3278 einsetzte,
531 3228 585 3265 war
610 3211 764 3266 beidersaits
792 3213 836 3266 ain
861 3213 983 3281 haltigar.
1012 3239 1047 3251 -
1071 3210 1240 3281 paucorum]
1268 3212 1306 3265 ist
1330 3212 1391 3264 hier
1413 3209 1458 3263 als

224 3299 389 3353 Partainama
406 3300 565 3368 gebraucht:
590 3300 637 3354 dor
654 3300 820 3369 Oligarohan.
846 3331 879 3342 -
905 3302 1063 3369 muntiare]
1088 3301 1146 3354 wir
1167 3301 1217 3354 mit
1235 3299 1345 3354 anderrn
1363 3299 1452 3354 Bitala:

225 3388 322 3454 „ainan
340 3387 411 3441 Sinis
429 3390 592 3443 versatzan“.

298 3497 350 3536 aa.
366 3498 390 3538 s.
413 3485 597 3556 frequentiam
621 3493 702 3556 atque
725 3487 848 3554 officium
865 3487 1017 3558 proestare]
1043 3488 1101 3542 Wir
1119 3487 1260 3542 varbiudon
1278 3487 1322 3540 dia
1339 3487 1453 3555 Bagriila

225 3572 332 3627 anders:
358 3573 469 3640 „Durch
493 3575 650 3629 zahlroiohes
672 3575 830 3630 Erseheinan
854 3577 924 3630 saina
942 3576 1216 3631 Dienstbeflissenhait
1238 3576 1400 3630 bawaiaan“.
1419 3605 1452 3613 —

223 3662 365 3731 petitione]
385 3663 507 3717 vorbinda
524 3665 574 3718 mit
587 3666 724 3734 sequentia
739 3666 821 3731 aaai3
839 3664 927 3719 indam
945 3683 974 3719 ar
993 3666 1064 3720 seina
1077 3665 1240 3733 Bawarbung
1257 3665 1314 3718 ilirs
1333 3664 1453 3733 folgenda

224 3749 290 3804 Jahr
307 3751 349 3805 bai
367 3751 446 3806 ihnan
464 3754 609 3822 persbnliah
628 3754 760 3822 anbringt,
779 3755 837 3823 lagt
854 3771 882 3808 ar
899 3755 978 3810 ihnen
998 3755 1068 3808 saine
1086 3754 1155 3808 Ehre
1174 3771 1222 3808 ans
1240 3753 1319 3808 Hora.
1340 3782 1376 3792 -
1394 3770 1453 3824 spo

225 3840 295 3894 liora
314 3839 374 3909 alal]
393 3842 479 3907 „liban
496 3845 576 3896 etwas
594 3843 767 3910 (ritubarisch)
784 3843 940 3898 harsallan“.
965 3873 999 3883 -
1022 3845 1120 3914 pratia
1138 3841 1353 3912 suffragiisque]
1379 3843 1454 3896 Dam-

224 3928 291 3982 naoh
308 3929 396 3982 warda
414 3929 489 3983 nieht
506 3947 557 3984 nur
575 3931 616 3984 dia
635 3932 802 3999 Baliobthait‚
822 3932 933 3986 sondern
952 3933 1020 3986 auch
1038 3934 1080 3987 dia
1098 3931 1288 3987 Stimmannahl
1307 3932 1355 3986 das
1370 3930 1453 3986 Galba

224 4016 326 4084 grblser
342 4034 459 4085 gewmlnr
478 4019 541 4086 sain,
561 4037 589 4074 so
608 4019 666 4074 dass
684 4038 713 4075 ar
727 4021 866 4089 eigentlieh
886 4021 925 4075 als
943 4022 1060 4090 gawihlt
1077 4022 1154 4076 hittta
1173 4021 1331 4090 ausgarufen
1350 4022 1453 4075 worden

224 4109 337 4159 mtissau.
357 4132 391 4144 —
409 4106 461 4160 tibi
479 4109 645 4164 coniunctus
662 4127 723 4164 aum
740 4109 952 4180 familiaritate]
971 4111 1036 4177 „ioh
1054 4112 1129 4166 staha
1142 4111 1184 4164 ‹lir
1202 4111 1271 4164 nahe
1289 4112 1331 4166 als
1349 4116 1454 4182 parson·

224 4193 306 4248 liehar
323 4193 457 4250 Fraund“.
477 4223 510 4234 —
534 4199 703 4253 oomaetudo
722 4198 878 4268 motionis]
896 4200 951 4253 Das
969 4200 1122 4254 Varhliltnis
1140 4200 1181 4254 als
1199 4200 1284 4268 Legat
1301 4201 1370 4254 wird
1387 4201 1454 4254 biar-

224 4282 307 4336 duroh
325 4283 365 4337 als
382 4284 425 4337 ain
444 4286 629 4340 vertrauliehas
649 4287 806 4342 bezeichnet.

294 4380 374 4450 Kap.
395 4382 445 4438 bl.
491 4396 512 4438 ι.
536 4390 662 4454 comptus
685 4392 726 4441 eat
751 4385 877 4442 Caesaris
900 4387 1049 4457 adventus]
1076 4387 1169 4442 Mache
1196 4386 1279 4443 Casar
1306 4404 1368 4442 zum
1390 4387 1456 4442 Sub-
