3086 4920
539 355 636 411 Comm.
655 356 700 425 VI,
719 375 741 412 e.
759 359 838 413 6-8.
1254 360 1304 421 197

75 517 108 579 et
137 516 266 597 postero
297 515 346 580 die
375 516 479 597 prima
508 516 579 581 luae
609 519 715 582 eastra
745 521 918 583 moturum.
973 520 1127 586 Celeriter
1154 522 1234 587 haee
1264 523 1328 586 adr

74 622 183 686 hostes
208 621 411 699 deferuntur,
436 625 474 687 ut
498 641 536 686 ex
557 641 673 706 magno
698 624 864 690 Gallorum
887 626 1033 706 equitum
1063 647 1197 693 numero
1226 648 1305 693 non-

74 728 179 792 nullos
204 727 336 793 Galliais
359 729 454 792 rebus
477 728 583 794 farere
606 732 723 795 natura
747 732 888 813 cogebat.
933 733 1092 797 Labienus
1119 736 1217 799 nootu
1247 735 1329 799 tri-s

74 835 169 898 bunis
192 835 334 898 militum
355 835 531 917 primisque
560 836 722 901 ordinibus
751 838 944 915 oonvoaatis,
975 839 1051 920 quid
1081 840 1132 903 sui
1161 841 1204 904 sit
1232 859 1305 904 oon·

74 941 152 1018 silli,
175 941 324 1023 proponit
354 943 402 1018 et,
432 960 494 1023 quo
525 941 650 1007 iaailius
679 944 823 1008 hostibus
853 944 977 1009 timoris
1001 945 1056 1010 dat
1084 946 1304 1028 suspicionem,

74 1048 195 1112 maiore
221 1048 357 1130 strepitu
380 1050 413 1112 et
436 1049 588 1126 tumultu,
613 1067 710 1131 quam
732 1051 841 1132 populi
856 1050 993 1115 Romani
1014 1051 1077 1116 tert
1100 1051 1304 1128 consuetudo,

75 1155 182 1218 eastra
206 1154 327 1218 moveri
350 1154 447 1218 iubet.
477 1155 537 1219 His
560 1156 655 1220 rebus
678 1154 772 1237 fugae
793 1156 930 1221 similem
947 1157 1174 1239 proteotiouem
1191 1157 1303 1223 effeait.

73 1261 165 1325 Haeo
189 1279 315 1342 quoque
337 1279 394 1343 per
417 1262 629 1343 exploratores
653 1264 727 1326 ante
750 1262 855 1326 luoern
884 1263 918 1325 in
946 1265 1039 1328 tanta
1068 1264 1328 1346 propinquitates

74 1368 256 1432 castrorum
279 1366 320 1430 ad
342 1367 450 1431 hostes
474 1367 669 1432 deferuntur.
1201 1373 1202 1376 ’

164 1473 229 1536 Vir
259 1491 374 1555 agmen
402 1473 613 1538 novissimum
642 1476 731 1539 erma
759 1475 953 1539 munitiones
984 1478 1199 1557 prooessemt,
1230 1479 1334 1541 aum8

75 1579 162 1644 Galli
192 1580 349 1644 cohortati
376 1581 464 1644 inter
493 1599 541 1658 se,
570 1599 610 1646 ne
641 1583 804 1664 speratam
833 1582 985 1664 praedam
1016 1599 1053 1645 ex
1082 1582 1230 1646 manibus
1258 1582 1306 1646 di·

74 1687 243 1750 mitterent
267 1720 309 1733 -
331 1687 463 1768 longum
486 1706 555 1752 esse
579 1688 756 1770 perterritis
779 1688 932 1752 Romanis
956 1687 1190 1753 Germanorum
1218 1690 1305 1753 auxi·

74 1794 155 1857 lium
187 1794 386 1875 axspeatare,
415 1811 518 1876 neque
549 1812 642 1858 suam
672 1794 740 1876 pati
770 1794 974 1876 dignitatem,
1007 1796 1046 1857 ut
1075 1795 1175 1858 tantis
1205 1794 1303 1877 oopiis

74 1902 143 1963 tarn
182 1899 330 1980 exiguam
367 1917 499 1963 manum
537 1901 725 1983 praesertim
761 1899 938 1982 fugientem
977 1901 1074 1982 atque
1117 1901 1305 1984 impeditam

75 2006 192 2070 adoriri
215 2023 279 2069 non
302 2005 440 2069 audeant
463 2043 505 2052 -
528 2004 649 2070 flumen
671 2007 808 2071 transire
833 2008 865 2070 et
887 2007 996 2087 iniquo
1019 2007 1088 2071 loeo
1105 2008 1303 2072 aommittare

75 2112 232 2194 proelium
254 2130 319 2175 non
341 2111 497 2176 dubitant.
535 2111 624 2190 Quae
647 2112 714 2177 iore
738 2113 919 2196 suspicatus
941 2113 1111 2190 Labienus,
1134 2117 1173 2177 ut
1195 2131 1329 2178 omnasu

76 2219 156 2281 eitra
190 2216 312 2281 flumen
346 2218 491 2294 eliceret,
527 2219 639 2283 eadem
673 2237 751 2282 usus
786 2218 988 2282 simulatione
1022 2219 1146 2284 itineris
1180 2219 1304 2302 placide

75 2323 346 2406 progrediebatur.
392 2325 474 2388 Tum
503 2326 686 2408 praemissis
716 2326 849 2408 paulum
879 2325 1114 2407 impedimentis
1145 2328 1242 2408 atque
1271 2327 1329 2389 ins
1371 2333 1379 2346 “

76 2431 201 2494 tumulo
242 2430 379 2512 quodam
418 2431 594 2508 eolloaatiS,
632 2432 817 2508 „habetis“,
856 2432 975 2512 inquit,
1014 2431 1167 2508 ,‚milites,
1207 2450 1304 2512 quam

75 2713 150 2779 aare]
171 2713 252 2778 „aufs
265 2711 336 2783 Spiel
351 2714 468 2767 satzen“.
484 2742 517 2751 -
537 2714 574 2781 et]
592 2714 725 2779 ditarem,
744 2714 792 2767 uie
806 2714 872 2768 auch
887 2720 970 2784 atque
983 2713 1028 2780 IV,
1043 2714 1086 2779 26,
1101 2715 1126 2766 1.
1146 2743 1180 2750 -
1196 2716 1305 2781 postero

77 2801 121 2854 die
135 2802 233 2870 prima
252 2801 322 2869 luae]
342 2819 362 2855 s.
382 2820 413 2855 zu
426 2802 564 2871 postridie
582 2802 627 2868 IV,
647 2804 689 2869 13,
707 2803 733 2856 4.
753 2832 788 2841 -
807 2808 900 2857 eastra
918 2801 1032 2870 movere]
1050 2802 1095 2870 IV,
1115 2803 1140 2865 9,
1159 2803 1184 2855 1.

150 2911 172 2952 τ.
192 2905 225 2952 at
306 2899 428 2970 eopebat]
447 2901 499 2968 vgl.
513 2905 546 2954 at
558 2899 591 2966 V,
606 2900 649 2967 43,
665 2901 695 2966 53
714 2906 823 2954 natura
841 2899 952 2970 repebat
969 2903 1068 2953 ersatze
1086 2898 1183 2952 durchs
1201 2896 1304 2950 Adverb

77 2987 268 3052 ,‚natlirlich“!
288 2987 348 3041 Aul.
368 2985 414 3042 0⁶.
433 3018 468 3026 -
487 2988 607 3043 Gallicis
623 2989 705 3043 rebus
722 2987 808 3056 fauet]
828 3005 878 3056 „er
896 2988 934 3042 ist
950 2988 1062 3056 galliseh
1079 2987 1215 3056 gesinnt“.

149 3096 172 3140 8.
189 3085 279 3154 primi
296 3085 418 3154 ordines]
437 3086 469 3152 V,
488 3086 531 3153 28,
551 3087 576 3140 3.
601 3115 635 3124 -
660 3086 710 3140 boe
728 3087 781 3140 mei
799 3092 839 3140 est
858 3085 979 3154 consilii]
1003 3085 1071 3152 „das
1089 3085 1126 3138 ist
1144 3083 1192 3137 das
1210 3082 1304 3136 Wessn

77 3173 174 3226 meines
193 3174 301 3241 Planes,
327 3173 421 3227 darauf
439 3175 509 3228 laun
531 3191 560 3228 er
577 3174 702 3229 hiuaus“.
728 3204 762 3214 -
783 3175 948 3244 proponere]
970 3175 1002 3241 V,
1022 3168 1064 3241 52,
1083 3173 1109 3226 5.
1136 3203 1169 3210 -
1194 3185 1304 3227 consae·

78 3262 146 3316 tado
164 3262 233 3331 fert]
251 3262 297 3329 IV,
316 3263 359 3330 32,
380 3264 404 3316 1.

151 3371 173 3412 9.
193 3360 309 3414 similem
329 3401 370 3414 ...
389 3359 490 3428 effecit]
509 3361 612 3414 Driielre
627 3360 668 3414 die
681 3361 812 3429 Wirlrung
825 3361 907 3414 durch
921 3361 995 3414 einen
1008 3376 1108 3428 gauzen
1121 3357 1183 3411 Sata
1197 3358 1258 3411 aus!
1269 3386 1305 3396 -

75 3448 108 3500 in
123 3449 348 3518 propinquitate]
367 3450 419 3517 vgl.
438 3450 470 3504 in
487 3450 586 3518 inopia
603 3449 635 3516 V,
654 3451 679 3517 2,
698 3451 723 3504 2.

147 3545 228 3615 Καρ.
247 3547 276 3601 8.
318 3559 339 3600 1.
364 3564 460 3616 apmen
476 3548 666 3615 aurneinan]
689 3547 721 3613 V,
740 3548 784 3614 32,
802 3548 827 3600 2.
854 3577 888 3585 -
907 3543 1067 3614 peredere]
1093 3544 1211 3598 Benntze
1229 3560 1305 3611 „var-

78 3635 201 3689 lassen!“
222 3665 256 3673 —-
279 3636 428 3702 cohortati]
447 3635 479 3702 V,
497 3636 542 3702 33,
560 3636 592 3702 2;
611 3635 756 3690 verwandle
775 3635 822 3688 das
840 3635 912 3688 Part.
931 3635 959 3687 in
977 3633 1019 3687 ain
1037 3633 1249 3702 Hauptvarbum!
1270 3659 1304 3670 -

76 3740 110 3777 ne
190 3724 374 3793 dimitterent]
396 3725 456 3778 Aul.
476 3723 507 3789 Q.
531 3753 565 3762 —
590 3725 701 3793 lappam
723 3724 771 3792 est]
798 3740 847 3791 „es
866 3723 953 3776 wlirde
971 3740 1003 3776 uu
1021 3722 1098 3790 lange
1116 3720 1250 3798 wthrenf‘.
1271 3747 1304 3770 -.-

75 3813 236 3879 perterritis
262 3813 408 3880 Romanis]
439 3812 591 3882 bezeichnet
618 3813 659 3866 die
686 3812 871 3880 Matiosigheit
897 3811 943 3865 der
969 3811 1072 3865 Rdmer.
1100 3841 1134 3848 -
1167 3808 1303 3878 dipnitas]

79 3901 197 3967 ,‚Ehre“.
219 3931 253 3939 -
276 3901 449 3970 inpeditam]
473 3903 573 3968 „unter
591 3900 650 3954 dem
669 3899 810 3971 Geptielr“;
833 3898 1023 3969 entspreohend
1041 3899 1176 3952 iibersetna
1193 3896 1303 3966 sapien-

77 3993 142 4044 tem!
164 4019 198 4028 -
217 4007 276 4044 non
294 3988 437 4059 dubitant]
455 3988 515 4044 Aul.
535 3988 563 4044 0.

149 4099 173 4142 2.
201 4103 272 4156 qaae
296 4086 354 4152 fore
378 4084 543 4158 suspicatae]
568 4087 613 4154 IV,
632 4088 676 4153 31,
698 4088 720 4140 1.
746 4116 780 4125 -
806 4085 888 4153 eitra]
913 4086 968 4140 also
993 4086 1057 4139 libor
1075 4085 1126 4138 den
1149 4082 1223 4136 Fluls
1247 4082 1306 4134 her·

77 4177 147 4231 iiber,
174 4205 209 4214 -·
235 4175 330 4230 eadem
347 4176 441 4230 atitar
458 4175 635 4230 simulatione
654 4173 775 4242 itineris]
800 4191 849 4240 „ar
872 4175 942 4227 setut
960 4173 1049 4227 seinen
1067 4171 1236 4226 soheinbareu
1253 4168 1305 4224 nb-

77 4265 179 4320 marseh
199 4265 284 4318 iort“.

150 4375 205 4416 su.
221 4375 245 4415 ι.
265 4362 368 4416 habetis
387 4362 441 4429 ..,]
466 4361 521 4427 „da
538 4360 605 4414 habt
622 4360 665 4413 ihr
684 4361 753 4414 ...“.
773 4389 806 4398 —-
830 4375 913 4428 quan
927 4358 1051 4428 petistis]
1071 4357 1131 4414 Ani.
1150 4357 1182 4412 B.
1202 4385 1236 4396 -
1254 4355 1305 4410 im-
