3172 4922
237 355 275 416 68
731 355 772 408 Dc
788 354 857 408 bello
876 352 976 408 Gallico

238 518 312 583 tivis
330 516 439 583 Sabim
461 516 582 581 flumen
606 517 645 580 ab
668 515 782 579 eastris
806 515 872 578 suis
895 533 959 578 non
982 513 1119 596 amplius
1142 513 1232 576 milia
1257 532 1413 596 passuum
1437 514 1471 577 X

134 643 139 654 ·
214 625 367 698 aabesse;
390 626 481 687 trans
508 624 541 686 id
570 621 691 686 flumen
720 640 828 686 omnes
852 620 986 685 Nervios
1016 620 1195 684 consedisse
1228 619 1471 703 adventumque

240 731 283 795 ibi
305 731 522 794 Romanorum
545 731 726 812 exspectare
754 746 819 790 nna
848 746 921 792 oum
944 727 1149 790 Atrebatibus
1174 728 1206 790 ct
1230 725 1472 804 Viromandnis,

215 835 382 901 adnitimis
405 836 472 900 suis
501 835 589 918 (nam
619 835 669 898 his
699 835 844 915 utrisque
874 835 1116 917 persuaserant,
1147 833 1196 896 uti
1226 833 1360 897 eandem
1389 834 1470 898 belli

213 943 400 1007 afortunam
424 940 668 1024 experirentur);
692 939 867 1022 exspectari
891 939 988 1004 etiam
1012 939 1051 1002 ab
1074 939 1125 1002 his
1147 938 1391 1003 Aduatucorum
1416 959 1471 1004 oo-

215 1050 308 1133 spias
324 1052 420 1130 atque
436 1067 504 1113 esse
520 1049 553 1112 in
567 1048 697 1121 itinere;
713 1046 873 1123 mulieres,
896 1046 1013 1127 quique
1038 1063 1094 1128 per
1111 1047 1252 1110 aetatem
1268 1046 1308 1110 ad
1323 1065 1469 1128 pugnam

239 1155 369 1220 inutiles
392 1155 583 1230 viderentur,
606 1154 639 1217 in
662 1172 737 1216 eum
759 1154 864 1217 locum
888 1151 1067 1227 coniecisse,
1091 1169 1153 1232 quo
1176 1153 1305 1234 propter
1328 1152 1470 1235 paludes

126 1252 145 1280 ⁶
241 1261 393 1326 exercitui
416 1260 521 1324 aditus
545 1278 608 1323 non
632 1262 725 1323 esset.

186 1371 229 1433 17
328 1368 387 1431 His
410 1368 506 1431 rebus
528 1365 662 1447 cognitis
687 1365 897 1447 exploratores
914 1364 1177 1446 centurionesque
1197 1365 1386 1446 praemitt't,
1411 1367 1471 1447 qui
1574 1375 1575 1386 ³

216 1474 345 1538 aloeum
368 1473 517 1536 idoneum
540 1472 653 1536 castris
684 1471 834 1552 deligant.
879 1470 961 1536 Cum
996 1489 1034 1535 ex
1064 1470 1221 1534 dediticiis
1252 1471 1361 1553 Belgis
1392 1472 1471 1536 reli·
1574 1549 1575 1574 χ

243 1581 378 1662 quisque
402 1577 504 1644 Gallis
527 1578 706 1660 complures
730 1576 899 1641 Gaesarem
923 1577 1026 1641 secuti
1049 1595 1113 1641 una
1136 1577 1199 1640 iter
1221 1577 1372 1654 facerent,
1398 1579 1471 1659 qui-
1574 1585 1575 1588 ’

243 1685 317 1750 dam
340 1704 377 1750 er
399 1685 458 1762 hia,
481 1685 519 1748 nt
541 1686 653 1767 postea
682 1702 721 1747 ex
751 1683 883 1766 captivis
916 1684 1080 1764 cognitum
1107 1685 1172 1760 est,
1202 1702 1313 1748 eorum
1343 1684 1472 1750 dierum

242 1790 470 1857 consuetudine
492 1791 615 1855 itineris
638 1790 739 1854 nostri
763 1791 917 1855 exercitus
947 1792 1114 1872 perspecta
1142 1793 1234 1855 nocte
1266 1790 1307 1854 ad
1330 1791 1472 1856 Nervios

241 1900 454 1982 pervenenmt
477 1899 574 1979 atque
596 1897 647 1960 his
670 1897 930 1961 demonstrarunt
952 1896 1037 1961 inter
1053 1897 1195 1978 singulas
1212 1897 1352 1978 legiones
1368 1898 1472 1981 impe·

242 2005 456 2070 dimentorum
478 2022 631 2086 magnum
654 2021 825 2068 numerum
848 2003 1052 2079 intercedere,
1075 2021 1179 2084 neque
1204 2022 1273 2068 esse
1295 2005 1471 2086 quicquam

241 2111 369 2193 negotii,
391 2130 464 2176 oum
486 2111 590 2192 prima
612 2110 694 2192 legio
716 2111 750 2174 in
774 2112 880 2174 castra
903 2093 1060 2185 venis'set,
1089 2110 1297 2191 reliquaeque
1326 2111 1471 2192 legiones

217 2236 396 2299 amegnum
419 2218 559 2300 spatium
582 2218 738 2294 abessent,
760 2217 844 2280 hano
868 2217 927 2280 sub
951 2216 1083 2280 sarcinis
1114 2216 1248 2291 adoriri;
1280 2235 1344 2298 qua
1375 2217 1473 2300 pulsa

241 2324 541 2407 impedimentisque
564 2323 696 2406 direptis
719 2322 880 2398 futurum,
910 2325 949 2386 ut
981 2322 1123 2403 reliquae
1154 2325 1265 2386 contra
1296 2323 1472 2388 consistere

242 2571 333 2640 milia]
353 2571 436 2625 Wenn
454 2571 522 2625 nach
540 2571 676 2639 amplias,
696 2570 819 2640 magias,
840 2569 933 2624 minas
953 2570 1028 2623 Zahl·
1046 2569 1108 2624 oder
1125 2569 1406 2640 Malsbestimmnngen
1425 2571 1474 2624 fol·
1574 2641 1575 2654 χ

242 2678 302 2730 gen,
322 2677 350 2714 so
368 2661 438 2714 kann
458 2677 540 2729 qoccm
554 2659 697 2726 wcgfallen,
716 2659 783 2712 ohne
797 2657 855 2712 dass
870 2657 979 2712 dcshalb
993 2647 1204 2728 einchnderung
1217 2660 1263 2714 der
1276 2659 1471 2714 Konstruktion
1574 2665 1575 2694 ¹

243 2751 375 2804 aintreten
393 2749 470 2804 muls.
1099 2750 1101 2755 ’

317 2849 340 2892 ².
360 2833 507 2909 corradere]
527 2837 612 2906 1,48,
633 2839 657 2891 1.
678 2867 711 2876 -
729 2837 801 2904 aaa]
819 2837 858 2890 ist
875 2837 988 2890 Adverb.

317 2939 339 2982 a.
359 2926 483 2996 cundem]
501 2943 548 2980 ror
564 2925 711 2992 fortunam
729 2925 842 2979 driicken
860 2925 908 2978 wir
931 2943 978 2979 aus
1003 2925 1086 2979 durch
1105 2925 1371 2994 „gemeinschaftlich
1389 2927 1470 2981 mit“.

317 3030 340 3070 a.
359 3015 497 3085 mulieres]
515 3016 553 3070 ist
571 3014 828 3084 Objektsaccusativ3
846 3014 966 3083 gleichen
984 3014 1071 3068 Kesus
1089 3014 1199 3068 vertritt
1217 3014 1264 3067 der
1281 3014 1402 3082 folgendc
1420 3015 1473 3069 Re·
1574 2999 1575 3002 Ἴ

243 3106 366 3160 lativsatz
386 3104 515 3174 qadqac).
535 3133 568 3144 —
584 3121 637 3180 per
655 3105 784 3173 aetatem]
805 3103 1029 3172 ‚,altcrshalbcr“.
1049 3132 1083 3141 —
1102 3104 1278 3173 adpugnare
1291 3103 1414 3172 irrutiles]
1433 3104 1473 3158 ist

243 3195 294 3250 ein
313 3194 390 3248 Wort
407 3194 444 3247 im
461 3193 621 3247 Deutsehen.
641 3223 674 3231 -
693 3194 725 3248 o'a
744 3210 805 3247 eum
824 3194 911 3248 locum
926 3234 931 3246 .
944 3234 967 3246 ..
987 3193 1120 3260 conicere]
1140 3193 1326 3261 „schleunigst
1344 3209 1378 3246 an
1396 3193 1471 3247 einen
1574 3229 1575 3268 3

243 3282 295 3338 Ort
313 3282 458 3336 schaffen“.
478 3311 511 3363 ft
528 3282 627 3336 aditae
644 3299 702 3338 aon
720 3282 771 3349 est]
789 3281 905 3335 Bcnutze
925 3281 1175 3350 ,‚unaugdnglioh“l

315 3388 393 3455 Kap.
415 3390 462 3443 17.
503 3400 524 3443 1.
544 3389 739 3457 exploratores]
757 3390 780 3456 I,
800 3389 843 3456 12,
862 3389 887 3443 2.

317 3488 339 3530 ².
360 3493 423 3531 eam
500 3476 635 3545 facerent]
655 3465 800 3531 verwandlc
822 3478 850 3530 in
874 3477 950 3531 einen
968 3477 1134 3548 Hauptsntzt
1156 3507 1189 3515 -
1209 3476 1308 3546 secuta]
1329 3478 1408 3545 „sich
1426 3495 1472 3534 an·
1574 3515 1575 3522 κ

244 3565 404 3622 sahliclsen“
424 3565 476 3634 vgl.
495 3565 555 3618 Anl.
574 3565 603 3619 F.
626 3593 656 3602 -
676 3567 845 3622 consuetudo
863 3567 987 3635 itineris]
1014 3565 1292 3634 „Mnrschordmmg‘fl
1318 3595 1353 3606 -
1378 3583 1473 3622 comm

244 3654 363 3722 diemaro]
391 3654 429 3708 ist
455 3654 506 3707 mit
529 3653 686 3723 Benutzung
709 3672 760 3709 von
784 3655 951 3723 ‚,wdhrend“
977 3672 1010 3708 zu
1034 3656 1120 3711 libers.
1140 3646 1182 3694 '-
1206 3661 1396 3725 pervenerunt
1421 3654 1474 3725 ad]

245 3744 304 3813 „sie
328 3742 441 3798 wulsten
465 3759 498 3806 au
522 3743 688 3816 enthommcn
714 3761 747 3798 zu
766 3745 834 3798 ...“.
860 3773 894 3782 —
918 3743 1174 3814 impedimentorum
1197 3737 1314 3814 magnas
1338 3761 1474 3800 nummus
1574 3779 1575 3822 l

243 3832 390 3888 inmacedit
421 3832 507 3900 inter]
540 3832 620 3900 „aine
651 3832 738 3901 grosse
769 3833 857 3887 Messe
888 3832 965 3888 Trois
996 3833 1152 3888 marschiert
1183 3833 1310 3898 awisohcn
1336 3834 1411 3888 ...“.
1436 3864 1473 3874 -
1574 3823 1575 3864 ἦ

243 3937 329 3992 oeque
419 3920 638 3991 qoicqoom1'=
662 3927 689 3976 et
712 3921 791 3976 moll.
820 3950 854 3960 -
881 3921 956 3976 achil
979 3928 1019 3977 cst
1042 3921 1154 3993 capotii]
1180 3939 1230 3989 „cs
1253 3921 1292 3975 ist
1315 3922 1358 3976 cin
1382 3921 1475 3978 Ieioh·

244 4011 317 4065 tes“.
345 4040 381 4048 —
408 4027 541 4080 magnam
567 4009 700 4080 opauco]
731 4011 772 4064 Im
795 4010 946 4066 Deutschcn
974 4014 1045 4066 cetzo
1071 4011 1114 4066 ein
1140 4011 1237 4069 blosses
1264 3997 1384 4078 Adrerh,
1413 4011 1475 4066 dem

245 4099 353 4169 ,‚noch“
372 4099 525 4168 beiaufiigcn
542 4099 593 4153 istl

318 4202 341 4243 a.
359 4187 491 4254 [macram
509 4229 515 4242 .
528 4229 533 4242 .
544 4229 551 4242 .
558 4228 567 4256 ,
586 4188 629 4256 ut]
649 4187 723 4242 dient
736 4187 805 4242 blole
818 4205 864 4242 zur
877 4185 1088 4257 Urnschreibung
1101 4189 1147 4242 des
1160 4188 1272 4255 lhtnrs3
1291 4189 1343 4258 vgl.
1358 4188 1381 4257 1,
1395 4189 1441 4257 42,
1456 4190 1475 4244 3
1574 4249 1575 4260 χ

242 4293 277 4332 au
293 4276 363 4345 sore,
382 4282 417 4333 ut
435 4276 601 4332 demetam
619 4311 656 4322 -
674 4281 772 4332 eoam
790 4276 948 4346 emisam]
968 4277 1047 4346 „sich
1065 4276 1314 4332 aumwiderstand
1331 4281 1475 4348 entgcgen·
1574 4265 1575 4314 l

239 4365 371 4422 sallem.
805 4407 807 4410 -
1259 4365 1262 4380 ’
