3134 4922
497 319 594 375 Comm.
613 319 659 386 IV,
679 336 700 374 o.
720 321 833 374 14-16,
1228 317 1280 378 lla

76 481 342 564 praecipitaverunt
366 482 461 562 atque
485 481 528 544 ibi
551 481 673 558 timore,
696 481 895 556 lassitudine,
919 480 949 545 vi
972 480 1113 544 fluminis
1138 481 1279 564 oppressi

76 587 228 670 perierunt.
262 587 371 652 Nostri
396 587 436 652 ad
461 606 562 652 unum
586 605 695 651 omnes
720 587 893 652 incolumes
912 588 1080 670 perpaucis
1103 582 1313 652 vulneratiae.

76 713 106 756 er
124 694 199 758 tanti
221 694 295 759 belli
317 695 439 770 timore,
463 712 536 758 cum
559 693 700 757 hostium
730 712 882 758 numerus
913 693 1054 776 capitum
1083 692 1277 759 CCCCXXX

75 800 182 864 nillum
209 800 337 878 fuisset,
372 819 405 865 se
440 801 473 863 in
507 802 613 864 castra
646 801 842 883 receperunt.
889 799 1006 864 Caesar
1040 800 1095 877 iis,
1132 818 1210 881 quos
1245 801 1301 862 ini

75 906 172 970 eastris
194 907 376 984 retinuerat,
401 907 583 970 discedendi
605 909 798 990 potestatem
820 905 904 970 fecit.
949 906 1001 970 llli
1030 905 1184 988 supplicia
1208 925 1302 970 cru-s

73 1012 219 1094 elatusque
244 1012 410 1078 Gallorum
433 1013 534 1090 veriti,
559 1032 694 1094 quorum
718 1018 810 1095 agros
833 1015 1034 1091 vexaverant,
1056 1031 1219 1077 remanere
1243 1031 1282 1076 se

74 1118 145 1200 apud
166 1137 237 1182 eum
259 1121 340 1184 velle
365 1120 521 1184 dixerunt.
566 1120 625 1184 His
650 1119 768 1184 Caesar
790 1120 971 1184 libertatem
995 1119 1159 1184 concessit.

149 1229 372 1291 Garumna
396 1226 479 1291 bello
502 1226 643 1290 confecto
671 1227 781 1290 multis
812 1225 850 1290 de
880 1227 984 1290 causis
1016 1225 1134 1291 Caesar
1164 1226 1278 1290 statuit
1290 1231 1331 1290 16

73 1331 121 1394 sibi
135 1332 278 1396 Rhenum
295 1351 363 1398 esse
380 1333 631 1407 transeundum;
657 1351 793 1414 quarum
814 1333 869 1396 illa
892 1332 954 1396 fuit
975 1333 1161 1410 iustissima,
1186 1332 1277 1414 quod,

72 1457 133 1502 cum
154 1439 273 1504 uideret
296 1438 473 1504 Carmanos
496 1441 564 1503 tam
586 1439 678 1504 facile
702 1439 831 1522 impelli,
854 1441 892 1502 ut
914 1438 947 1502 in
964 1437 1102 1503 Galliam
1125 1439 1290 1514 venirent,

72 1544 125 1608 suis
148 1563 269 1626 quoqne
293 1545 388 1609 rebus
412 1564 465 1610 eos
488 1546 601 1610 timere
624 1545 738 1621 voluit,
770 1565 844 1610 com
873 1546 1097 1626 intellegerent
1125 1547 1157 1610 et
1186 1564 1277 1628 posse

71 1653 97 1712 et
120 1651 230 1716 audere
260 1653 370 1734 populi
397 1653 535 1716 Romani
564 1653 736 1717 exercitum
765 1652 914 1716 Rhenum
945 1652 1090 1716 transire.
1136 1652 1303 1716 Accessito

70 1756 168 1834 etiam,
191 1758 275 1839 quod
299 1758 355 1822 illa
377 1777 451 1841 pars
475 1759 637 1839 equitatus
661 1758 830 1842 Usipetum
861 1760 894 1822 et
916 1759 1156 1835 Tencterorum,
1182 1777 1278 1839 quam

70 1880 151 1944 supra
173 1865 418 1929 commemoravi
433 1864 606 1947 praedandi
622 1864 901 1946 frumentandique
922 1882 1019 1928 causa
1034 1864 1158 1928 Mosam
1174 1866 1279 1928 trans·

69 1967 120 2032 isse
141 1989 241 2051 neque
264 1969 383 2052 proelio
407 1969 604 2047 interfuisse,
628 1973 701 2053 post
724 1970 835 2052 fugam
859 1989 989 2034 suorum
1022 1990 1054 2035 se
1084 1973 1172 2034 trans
1193 1972 1277 2036 Rhe·

69 2093 133 2138 num
155 2077 185 2140 in
207 2077 289 2141 fines
314 2075 565 2159 Sugambrorum
588 2079 751 2160 receperat
774 2096 871 2158 seque
895 2096 969 2142 cum
992 2077 1030 2141 iis
1063 2077 1277 2142 coniunxerat.

69 2181 108 2244 Ad
129 2202 203 2264 quos
227 2202 305 2248 oum
327 2182 445 2248 Caesar
467 2183 595 2246 nuntios
618 2183 776 2261 misisset,
807 2183 862 2265 qui
884 2184 1100 2266 postularent,
1124 2202 1192 2260 eos,
1224 2185 1303 2265 quic

70 2339 264 2350 -—-—.—.-

68 2447 118 2512 sagt
134 2445 211 2500 Ciear
229 2450 301 2501 stete
320 2446 465 2515 desperare
489 2447 522 2502 de
546 2464 576 2502 re
601 2447 662 2502 oder
685 2449 751 2514 νεὼ
777 2465 805 2501 es
829 2449 866 2501 ist
891 2465 940 2502 von
964 2448 1010 2501 der
1034 2447 1209 2516 Fortsetzung
1233 2447 1279 2500 der

67 2531 150 2589 llueht
167 2553 198 2590 zu
216 2536 370 2604 verstehen,
394 2553 428 2589 an
446 2536 492 2590 der
511 2537 547 2590 sie
566 2537 716 2605 angesichts
734 2537 781 2590 der
798 2537 901 2590 breiten
919 2537 1021 2590 Strlime
1041 2536 1211 2602 verzweileln‚
1237 2535 1278 2590 die

67 2622 97 2674 sic
119 2625 255 2694 ausgeben3
283 2624 365 2678 daher
388 2625 475 2679 laesen
500 2625 556 2678 sich
580 2625 622 2679 die
646 2626 720 2679 einen
744 2626 802 2680 hier
825 2625 1012 2694 niederhauen,
1038 2625 1084 2679 der
1107 2625 1173 2678 Rest
1196 2623 1279 2678 findet

67 2709 108 2764 den
130 2711 181 2766 Tod
204 2714 232 2768 in
257 2713 310 2767 den
335 2713 438 2767 Fluten.
468 2744 501 2752 -
529 2714 664 2784 oppresso]
691 2714 912 2782 „iiberualtigt“,
937 2714 1031 2783 gehtrt
1055 2713 1130 2767 nicht
1153 2711 1221 2766 blois
1248 2729 1279 2766 zu

66 2800 89 2851 ul
104 2800 229 2866 Caminia.

128 2902 149 2944 a.
173 2892 212 2945 ud
235 2909 326 2946 wem
348 2907 438 2946 maces
460 2890 618 2959 incolumes]
642 2891 774 2945 Bedentet
796 2891 851 2946 dies
874 2892 940 2945 nach
964 2892 1022 2945 dem
1040 2889 1278 2957 Zusammenhang:

65 2979 266 3042 „wohlbehulten
286 2977 327 3032 bis
347 2980 394 3033 auf
409 2979 459 3032 den
476 2980 576 3033 letaten
593 2979 695 3034 Mann“
720 2980 782 3034 oder
808 2981 895 3048 „ohne
914 2981 988 3034 einen
1005 2979 1085 3032 Maon
1108 2978 1224 3032 verloren
1248 2995 1279 3030 zu

65 3064 181 3122 haban“l
207 3099 242 3108 —-
268 3084 303 3123 ec
383 3068 491 3136 tiverone]
515 3069 553 3122 ist
578 3069 705 3138 temporal
731 3086 762 3123 zu
786 3069 886 3135 fascea,
910 3070 980 3122 kann
1005 3068 1067 3121 aber
1090 3067 1140 3120 mit
1165 3066 1280 3134 „belreit

64 3157 124 3208 von“
142 3158 278 3212 ribersotzt
297 3157 407 3211 werden.
428 3185 458 3194 -
479 3157 607 3226 hostiurn]
627 3173 648 3210 s.
668 3175 698 3211 zu
717 3173 833 3226 quorum
851 3157 917 3228 Kap.
937 3158 980 3223 12,
1000 3158 1023 3210 1.

126 3257 138 3296 4
154 3263 177 3296 ιι.
195 3259 218 3300 a.
234 3250 404 3315 potestatem
421 3244 525 3312 furere]
544 3262 565 3298 s.
584 3245 651 3316 Kap.
672 3248 713 3313 ll,
732 3247 757 3300 2.
781 3275 814 3284 -
837 3246 978 3315 supplicia
996 3245 1190 3314 cruciatusque
1211 3244 1279 3300 aaa

63 3329 152 3400 mma]
175 3358 210 3379 =
229 3351 265 3390 ne
284 3352 304 3388 c
322 3333 413 3388 Gallie
426 3349 479 3402 per
497 3334 640 3389 mumulus
658 3335 886 3402 armamentum
911 3361 944 3372 -
970 3334 1064 3402 ama]
1090 3334 1166 3402 Zeige
1188 3333 1215 3388 in
1234 3333 1281 3387 der

62 3407 247 3492 Uberaetmng,
273 3421 333 3476 duis
355 3422 437 3478 ceriti
461 3422 510 3476 den
529 3420 622 3476 Grund
645 3423 752 3492 angiebt
770 3423 812 3475 ltin
828 3423 885 3476 ihre
904 3421 1132 3491 Entschlieleung!
1157 3453 1189 3461 -
1215 3439 1279 3478 con·

62 3507 155 3579 eadm]
179 3511 372 3580 ,‚gewi'.hren“.
1048 3498 1049 3501 Ἴ

593 3646 628 3726 ΙΙ.
654 3645 742 3728 Tell.

530 3771 629 3833 Kap.
655 3772 803 3824 16-19,

124 3881 200 3953 Kap.
221 3884 269 3938 re.
311 3894 331 3936 1.
355 3883 462 3950 statuo]
489 3884 553 3950 „ich
571 3885 686 3937 meine“.
715 3915 749 3922 -
777 3885 880 3952 iustus]
905 3884 1079 3953 „vollgliltig,
1108 3883 1225 3952 tristig“.
1246 3911 1279 3923 -

59 3971 136 4038 quod]
154 3972 243 4026 bleibt
260 3971 446 4039 unlibersetut;
474 3971 520 4026 der
538 3971 600 4026 Sata
619 3972 683 4025 wird
702 3989 760 4026 aum
778 3973 929 4043 Hauptsatz
947 3972 1077 4042 gemacht.
1104 3998 1137 4008 -
1164 3970 1278 4040 impelle]

60 4055 114 4112 lnl.
131 4059 183 4115 N⁵.
204 4091 239 4099 —
258 4059 318 4115 ouis
335 4059 415 4114 rebus
432 4061 536 4128 iuuere]
554 4060 696 4115 Verwende
715 4061 918 4128 „Sieherheit“!
938 4088 970 4098 -
987 4060 1111 4130 poserem
1131 4059 1195 4127 „ich
1212 4059 1279 4112 habe

59 4144 96 4198 die
113 4147 243 4215 Mneht“;
262 4149 453 4220 entspreehend
470 4150 605 4204 ibemetze
623 4149 727 4205 audeo!

125 4247 183 4291 nu.
205 4249 229 4292 a.
259 4253 341 4306 quam
368 4239 572 4294 commemoravi
673 4238 815 4307 uacuam]
843 4237 903 4293 Anl.
922 4239 952 4293 P.
981 4269 1014 4278 -
1042 4237 1123 4308 picea]
1152 4237 1280 4303 „Niedor-

57 4319 140 4390 ΙΨ.
170 4356 205 4364 -
234 4326 412 4382 coecilii
430 4325 569 4394 adama
593 4327 625 4380 In
644 4326 760 4382 direlrter
777 4327 850 4381 Rode
868 4328 968 4381 laureta
987 4327 1028 4381 die
1047 4327 1212 4396 llorderung:
1237 4343 1281 4384 eos
