<?xml version="1.0" encoding="UTF-8"?>
<!DOCTYPE html PUBLIC "-//W3C//DTD XHTML 1.0 Transitional//EN"
    "http://www.w3.org/TR/xhtml1/DTD/xhtml1-transitional.dtd">
<html xmlns="http://www.w3.org/1999/xhtml" xml:lang="en" lang="en">
 <head>
  <title>
</title>
<meta http-equiv="Content-Type" content="text/html;charset=utf-8" />
  <meta name='ocr-system' content='tesseract 3.04.00' />
  <meta name='ocr-capabilities' content='ocr_page ocr_carea ocr_par ocr_line ocrx_word'/>
</head>
<body>
  <div class='ocr_page' id='page_1' title='image "./ciuliicaesarisc01menggoog/ciuliicaesarisc01menggoog_0027.png"; bbox 0 0 3172 4922; ppageno 0'>
   <div class='ocr_carea' id='block_1_1' title="bbox 234 330 972 393">
    <p class='ocr_par' dir='ltr' id='par_1_1' title="bbox 234 330 972 393">
     <span class='ocr_line' id='line_1_1' title="bbox 234 330 972 393; baseline -0.011 0"><span class='ocrx_word' id='word_1_1' title='bbox 234 333 253 393; x_wconf 90' lang='lat'>8</span> <span class='ocrx_word' id='word_1_2' title='bbox 727 333 767 386; x_wconf 90' lang='lat' dir='ltr'>De</span> <span class='ocrx_word' id='word_1_3' title='bbox 785 333 853 386; x_wconf 90' lang='lat' dir='ltr'>bollo</span> <span class='ocrx_word' id='word_1_4' title='bbox 872 330 972 387; x_wconf 81' lang='lat' dir='ltr'>Gallico</span> 
     </span>
    </p>
   </div>
   <div class='ocr_carea' id='block_1_2' title="bbox 204 490 1570 2172">
    <p class='ocr_par' dir='ltr' id='par_1_2' title="bbox 204 490 1570 2172">
     <span class='ocr_line' id='line_1_2' title="bbox 211 490 1461 576; baseline -0.002 -20"><span class='ocrx_word' id='word_1_5' title='bbox 211 497 306 570; x_wconf 77' lang='lat' dir='ltr'>ubat3</span> <span class='ocrx_word' id='word_1_6' title='bbox 334 513 439 576; x_wconf 88' lang='lat' dir='ltr'>neque</span> <span class='ocrx_word' id='word_1_7' title='bbox 461 494 605 558; x_wconf 85' lang='lat' dir='ltr'>homines</span> <span class='ocrx_word' id='word_1_8' title='bbox 629 492 756 556; x_wconf 90' lang='lat' dir='ltr'>inimico</span> <span class='ocrx_word' id='word_1_9' title='bbox 781 493 887 557; x_wconf 88' lang='lat' dir='ltr'>animo</span> <span class='ocrx_word' id='word_1_10' title='bbox 912 492 988 557; x_wconf 89' lang='lat' dir='ltr'>data</span> <span class='ocrx_word' id='word_1_11' title='bbox 1010 490 1164 556; x_wconf 76' lang='lat' dir='ltr'><strong>facultate</strong></span> <span class='ocrx_word' id='word_1_12' title='bbox 1187 510 1243 574; x_wconf 92' lang='lat' dir='ltr'>per</span> <span class='ocrx_word' id='word_1_13' title='bbox 1265 491 1461 574; x_wconf 84' lang='lat' dir='ltr'>provinciam</span> 
     </span>
     <span class='ocr_line' id='line_1_3' title="bbox 234 597 1462 681; baseline -0.005 -15"><span class='ocrx_word' id='word_1_14' title='bbox 234 601 357 666; x_wconf 86' lang='lat' dir='ltr'>itineris</span> <span class='ocrx_word' id='word_1_15' title='bbox 381 599 522 665; x_wconf 87' lang='lat' dir='ltr'>faciundi</span> <span class='ocrx_word' id='word_1_16' title='bbox 544 601 778 681; x_wconf 87' lang='lat' dir='ltr'>temperaturos</span> <span class='ocrx_word' id='word_1_17' title='bbox 804 600 842 662; x_wconf 88' lang='lat' dir='ltr'>ab</span> <span class='ocrx_word' id='word_1_18' title='bbox 866 599 983 662; x_wconf 89' lang='lat' dir='ltr'>iniuria</span> <span class='ocrx_word' id='word_1_19' title='bbox 1007 599 1039 661; x_wconf 92' lang='lat' dir='ltr'>et</span> <span class='ocrx_word' id='word_1_20' title='bbox 1061 597 1215 661; x_wconf 87' lang='lat' dir='ltr'>maleficio</span> <span class='ocrx_word' id='word_1_21' title='bbox 1240 597 1462 670; x_wconf 81' lang='lat' dir='ltr'>existimabat3</span> 
     </span>
     <span class='ocr_line' id='line_1_4' title="bbox 210 703 1463 789; baseline -0.001 -21"><span class='ocrx_word' id='word_1_22' title='bbox 210 711 359 784; x_wconf 86' lang='lat' dir='ltr'>stamen,</span> <span class='ocrx_word' id='word_1_23' title='bbox 389 710 426 771; x_wconf 91' lang='lat' dir='ltr'>ut</span> <span class='ocrx_word' id='word_1_24' title='bbox 449 707 589 789; x_wconf 89' lang='lat' dir='ltr'>spatium</span> <span class='ocrx_word' id='word_1_25' title='bbox 619 705 815 770; x_wconf 76' lang='lat' dir='ltr'>intercedere</span> <span class='ocrx_word' id='word_1_26' title='bbox 839 706 963 787; x_wconf 90' lang='lat' dir='ltr'>posset,</span> <span class='ocrx_word' id='word_1_27' title='bbox 994 704 1072 767; x_wconf 93' lang='lat' dir='ltr'>dum</span> <span class='ocrx_word' id='word_1_28' title='bbox 1094 704 1228 779; x_wconf 78' lang='lat' dir='ltr'>militeS,</span> <span class='ocrx_word' id='word_1_29' title='bbox 1260 720 1338 784; x_wconf 88' lang='lat' dir='ltr'>quos</span> <span class='ocrx_word' id='word_1_30' title='bbox 1361 703 1463 786; x_wconf 89' lang='lat' dir='ltr'>impe·</span> 
     </span>
     <span class='ocr_line' id='line_1_5' title="bbox 234 804 1570 894; baseline -0.008 -15"><span class='ocrx_word' id='word_1_31' title='bbox 234 817 376 892; x_wconf 83' lang='lat' dir='ltr'>raverat,</span> <span class='ocrx_word' id='word_1_32' title='bbox 408 814 627 890; x_wconf 81' lang='lat' dir='ltr'>conuenirent,</span> <span class='ocrx_word' id='word_1_33' title='bbox 645 804 772 894; x_wconf 72' lang='lat' dir='ltr'>&#39;legatis</span> <span class='ocrx_word' id='word_1_34' title='bbox 801 812 966 894; x_wconf 80' lang='lat' dir='ltr'>respondit</span> <span class='ocrx_word' id='word_1_35' title='bbox 989 811 1074 875; x_wconf 91' lang='lat' dir='ltr'>diem</span> <span class='ocrx_word' id='word_1_36' title='bbox 1098 829 1131 875; x_wconf 89' lang='lat' dir='ltr'>se</span> <span class='ocrx_word' id='word_1_37' title='bbox 1155 811 1196 875; x_wconf 88' lang='lat' dir='ltr'>ad</span> <span class='ocrx_word' id='word_1_38' title='bbox 1218 809 1462 874; x_wconf 89' lang='lat' dir='ltr'>deliberandum</span> <span class='ocrx_word' id='word_1_39' title='bbox 1569 863 1570 866; x_wconf 73' lang='grc'>,</span> 
     </span>
     <span class='ocr_line' id='line_1_6' title="bbox 236 917 1283 1002; baseline -0.006 -18"><span class='ocrx_word' id='word_1_40' title='bbox 236 921 457 1002; x_wconf 66' lang='lat' dir='ltr'>sumpturum:</span> <span class='ocrx_word' id='word_1_41' title='bbox 480 920 507 984; x_wconf 91' lang='lat' dir='ltr'>si</span> <span class='ocrx_word' id='word_1_42' title='bbox 532 918 608 1000; x_wconf 89' lang='lat' dir='ltr'>quid</span> <span class='ocrx_word' id='word_1_43' title='bbox 632 919 760 995; x_wconf 87' lang='lat' dir='ltr'>vellent,</span> <span class='ocrx_word' id='word_1_44' title='bbox 784 918 824 981; x_wconf 89' lang='lat' dir='ltr'>ad</span> <span class='ocrx_word' id='word_1_45' title='bbox 846 917 893 981; x_wconf 88' lang='lat' dir='ltr'>ld.</span> <span class='ocrx_word' id='word_1_46' title='bbox 917 917 1015 999; x_wconf 85' lang='lat' dir='ltr'>April.</span> <span class='ocrx_word' id='word_1_47' title='bbox 1039 917 1283 981; x_wconf 85' lang='lat' dir='ltr'>reverterentur.</span> 
     </span>
     <span class='ocr_line' id='line_1_7' title="bbox 204 1023 1461 1116; baseline -0.003 -26"><span class='ocrx_word' id='word_1_48' title='bbox 204 1029 225 1090; x_wconf 90' lang='lat'>8</span> <span class='ocrx_word' id='word_1_49' title='bbox 324 1025 451 1090; x_wconf 78' lang='lat' dir='ltr'>Interea</span> <span class='ocrx_word' id='word_1_50' title='bbox 474 1044 512 1090; x_wconf 93' lang='lat' dir='ltr'>ea</span> <span class='ocrx_word' id='word_1_51' title='bbox 541 1025 677 1106; x_wconf 85' lang='lat' dir='ltr'>legione,</span> <span class='ocrx_word' id='word_1_52' title='bbox 709 1043 806 1106; x_wconf 90' lang='lat' dir='ltr'>quam</span> <span class='ocrx_word' id='word_1_53' title='bbox 830 1043 939 1116; x_wconf 87' lang='lat' dir='ltr'>secum</span> <span class='ocrx_word' id='word_1_54' title='bbox 962 1025 1113 1100; x_wconf 87' lang='lat' dir='ltr'>habebat,</span> <span class='ocrx_word' id='word_1_55' title='bbox 1143 1023 1375 1104; x_wconf 83' lang='lat' dir='ltr'>militibusque,</span> <span class='ocrx_word' id='word_1_56' title='bbox 1406 1023 1461 1104; x_wconf 89' lang='lat' dir='ltr'>qui</span> 
     </span>
     <span class='ocr_line' id='line_1_8' title="bbox 236 1127 1462 1215; baseline -0.004 -18"><span class='ocrx_word' id='word_1_57' title='bbox 236 1153 273 1198; x_wconf 82' lang='lat' dir='ltr'>er</span> <span class='ocrx_word' id='word_1_58' title='bbox 313 1133 473 1215; x_wconf 90' lang='lat' dir='ltr'>provincia</span> <span class='ocrx_word' id='word_1_59' title='bbox 516 1133 746 1208; x_wconf 88' lang='lat' dir='ltr'>convenerant,</span> <span class='ocrx_word' id='word_1_60' title='bbox 785 1151 803 1195; x_wconf 89' lang='lat' dir='ltr'>a</span> <span class='ocrx_word' id='word_1_61' title='bbox 844 1131 917 1196; x_wconf 90' lang='lat' dir='ltr'>lacu</span> <span class='ocrx_word' id='word_1_62' title='bbox 951 1130 1128 1208; x_wconf 77' lang='lat' dir='ltr'>Lemanno,</span> <span class='ocrx_word' id='word_1_63' title='bbox 1170 1130 1226 1211; x_wconf 92' lang='lat' dir='ltr'>qui</span> <span class='ocrx_word' id='word_1_64' title='bbox 1269 1129 1303 1192; x_wconf 90' lang='lat' dir='ltr'>in</span> <span class='ocrx_word' id='word_1_65' title='bbox 1340 1127 1462 1194; x_wconf 88' lang='lat' dir='ltr'>fiumen</span> 
     </span>
     <span class='ocr_line' id='line_1_9' title="bbox 235 1235 1461 1318; baseline -0.003 -14"><span class='ocrx_word' id='word_1_66' title='bbox 235 1238 428 1304; x_wconf 81' lang='lat' dir='ltr'>Rhodanum</span> <span class='ocrx_word' id='word_1_67' title='bbox 461 1237 583 1316; x_wconf 88' lang='lat' dir='ltr'>influit,</span> <span class='ocrx_word' id='word_1_68' title='bbox 623 1238 664 1302; x_wconf 86' lang='lat' dir='ltr'>ad</span> <span class='ocrx_word' id='word_1_69' title='bbox 698 1239 841 1302; x_wconf 90' lang='lat' dir='ltr'>montem</span> <span class='ocrx_word' id='word_1_70' title='bbox 875 1237 1000 1315; x_wconf 86' lang='lat' dir='ltr'>Iuram,</span> <span class='ocrx_word' id='word_1_71' title='bbox 1036 1238 1091 1318; x_wconf 89' lang='lat' dir='ltr'>qui</span> <span class='ocrx_word' id='word_1_72' title='bbox 1124 1237 1202 1300; x_wconf 88' lang='lat' dir='ltr'>fines</span> <span class='ocrx_word' id='word_1_73' title='bbox 1239 1235 1461 1317; x_wconf 83' lang='lat' dir='ltr'>Sequanorum</span> 
     </span>
     <span class='ocr_line' id='line_1_10' title="bbox 236 1343 1463 1426; baseline -0.002 -17"><span class='ocrx_word' id='word_1_74' title='bbox 236 1346 276 1409; x_wconf 90' lang='lat' dir='ltr'>ab</span> <span class='ocrx_word' id='word_1_75' title='bbox 310 1345 466 1409; x_wconf 81' lang='lat' dir='ltr'>Helvetiis</span> <span class='ocrx_word' id='word_1_76' title='bbox 504 1344 630 1422; x_wconf 89' lang='lat' dir='ltr'>dividit,</span> <span class='ocrx_word' id='word_1_77' title='bbox 669 1344 758 1407; x_wconf 93' lang='lat' dir='ltr'>milia</span> <span class='ocrx_word' id='word_1_78' title='bbox 795 1362 949 1426; x_wconf 87' lang='lat' dir='ltr'>passuum</span> <span class='ocrx_word' id='word_1_79' title='bbox 984 1343 1114 1407; x_wconf 86' lang='lat' dir='ltr'><strong>XVIHI</strong></span> <span class='ocrx_word' id='word_1_80' title='bbox 1149 1363 1278 1408; x_wconf 89' lang='lat' dir='ltr'>murum</span> <span class='ocrx_word' id='word_1_81' title='bbox 1317 1343 1351 1406; x_wconf 89' lang='lat' dir='ltr'>in</span> <span class='ocrx_word' id='word_1_82' title='bbox 1389 1343 1463 1407; x_wconf 89' lang='lat' dir='ltr'>alti-</span> 
     </span>
     <span class='ocr_line' id='line_1_11' title="bbox 211 1449 1462 1534; baseline 0.003 -24"><span class='ocrx_word' id='word_1_83' title='bbox 211 1450 382 1515; x_wconf 79' lang='lat' dir='ltr'>otudinem</span> <span class='ocrx_word' id='word_1_84' title='bbox 410 1449 529 1534; x_wconf 92' lang='lat' dir='ltr'>pedum</span> <span class='ocrx_word' id='word_1_85' title='bbox 559 1450 697 1523; x_wconf 87' lang='lat' dir='ltr'>sedecim</span> <span class='ocrx_word' id='word_1_86' title='bbox 726 1449 908 1531; x_wconf 88' lang='lat' dir='ltr'>fossamque</span> <span class='ocrx_word' id='word_1_87' title='bbox 932 1450 1085 1532; x_wconf 81' lang='lat' dir='ltr'>perducit.</span> <span class='ocrx_word' id='word_1_88' title='bbox 1130 1450 1176 1513; x_wconf 81' lang='lat' dir='ltr'>Eo</span> <span class='ocrx_word' id='word_1_89' title='bbox 1207 1467 1298 1532; x_wconf 87' lang='lat' dir='ltr'>opere</span> <span class='ocrx_word' id='word_1_90' title='bbox 1322 1449 1462 1531; x_wconf 86' lang='lat' dir='ltr'>perfecto</span> 
     </span>
     <span class='ocr_line' id='line_1_12' title="bbox 235 1555 1463 1639; baseline 0.002 -20"><span class='ocrx_word' id='word_1_91' title='bbox 235 1555 393 1639; x_wconf 85' lang='lat' dir='ltr'>praesidia</span> <span class='ocrx_word' id='word_1_92' title='bbox 424 1556 578 1639; x_wconf 82' lang='lat' dir='ltr'>disponit,</span> <span class='ocrx_word' id='word_1_93' title='bbox 611 1557 743 1620; x_wconf 86' lang='lat' dir='ltr'>castella</span> <span class='ocrx_word' id='word_1_94' title='bbox 773 1557 963 1633; x_wconf 75' lang='lat' dir='ltr'>communit,</span> <span class='ocrx_word' id='word_1_95' title='bbox 996 1575 1057 1638; x_wconf 92' lang='lat' dir='ltr'>quo</span> <span class='ocrx_word' id='word_1_96' title='bbox 1080 1555 1220 1634; x_wconf 85' lang='lat' dir='ltr'>facilius,</span> <span class='ocrx_word' id='word_1_97' title='bbox 1252 1557 1279 1620; x_wconf 90' lang='lat' dir='ltr'>si</span> <span class='ocrx_word' id='word_1_98' title='bbox 1302 1575 1335 1620; x_wconf 88' lang='lat' dir='ltr'>se</span> <span class='ocrx_word' id='word_1_99' title='bbox 1363 1555 1463 1621; x_wconf 87' lang='lat' dir='ltr'>invito</span> 
     </span>
     <span class='ocr_line' id='line_1_13' title="bbox 212 1663 1463 1746; baseline 0.002 -22"><span class='ocrx_word' id='word_1_100' title='bbox 212 1663 373 1727; x_wconf 84' lang='lat' dir='ltr'>stransire</span> <span class='ocrx_word' id='word_1_101' title='bbox 405 1665 610 1741; x_wconf 89' lang='lat' dir='ltr'>conarentur,</span> <span class='ocrx_word' id='word_1_102' title='bbox 640 1663 807 1746; x_wconf 90' lang='lat' dir='ltr'>prohibere</span> <span class='ocrx_word' id='word_1_103' title='bbox 837 1663 947 1745; x_wconf 88' lang='lat' dir='ltr'>possit.</span> <span class='ocrx_word' id='word_1_104' title='bbox 993 1663 1057 1728; x_wconf 90' lang='lat' dir='ltr'>Ubi</span> <span class='ocrx_word' id='word_1_105' title='bbox 1087 1682 1124 1728; x_wconf 87' lang='lat' dir='ltr'>ea</span> <span class='ocrx_word' id='word_1_106' title='bbox 1156 1663 1238 1740; x_wconf 79' lang='lat' dir='ltr'>dieo,</span> <span class='ocrx_word' id='word_1_107' title='bbox 1269 1681 1366 1744; x_wconf 89' lang='lat' dir='ltr'>quam</span> <span class='ocrx_word' id='word_1_108' title='bbox 1389 1681 1463 1727; x_wconf 90' lang='lat' dir='ltr'>con-</span> 
     </span>
     <span class='ocr_line' id='line_1_14' title="bbox 237 1769 1462 1851; baseline 0 -17"><span class='ocrx_word' id='word_1_109' title='bbox 237 1769 388 1834; x_wconf 88' lang='lat' dir='ltr'>stituerat</span> <span class='ocrx_word' id='word_1_110' title='bbox 412 1789 485 1834; x_wconf 89' lang='lat' dir='ltr'>cum</span> <span class='ocrx_word' id='word_1_111' title='bbox 508 1770 638 1850; x_wconf 84' lang='lat' dir='ltr'>legatis,</span> <span class='ocrx_word' id='word_1_112' title='bbox 662 1769 764 1848; x_wconf 83' lang='lat' dir='ltr'>venit,</span> <span class='ocrx_word' id='word_1_113' title='bbox 789 1771 821 1833; x_wconf 88' lang='lat' dir='ltr'>et</span> <span class='ocrx_word' id='word_1_114' title='bbox 843 1769 942 1850; x_wconf 84' lang='lat' dir='ltr'>legati</span> <span class='ocrx_word' id='word_1_115' title='bbox 966 1769 1006 1832; x_wconf 87' lang='lat' dir='ltr'>ad</span> <span class='ocrx_word' id='word_1_116' title='bbox 1029 1789 1103 1833; x_wconf 92' lang='lat' dir='ltr'>eum</span> <span class='ocrx_word' id='word_1_117' title='bbox 1126 1771 1342 1846; x_wconf 85' lang='lat' dir='ltr'>reverterunt,</span> <span class='ocrx_word' id='word_1_118' title='bbox 1364 1771 1462 1851; x_wconf 84' lang='lat' dir='ltr'>negat</span> 
     </span>
     <span class='ocr_line' id='line_1_15' title="bbox 237 1876 1464 1966; baseline 0.001 -27"><span class='ocrx_word' id='word_1_119' title='bbox 237 1894 271 1940; x_wconf 88' lang='lat' dir='ltr'>so</span> <span class='ocrx_word' id='word_1_120' title='bbox 297 1894 388 1966; x_wconf 77' lang='lat' dir='ltr'>¹more</span> <span class='ocrx_word' id='word_1_121' title='bbox 417 1878 450 1940; x_wconf 92' lang='lat' dir='ltr'>et</span> <span class='ocrx_word' id='word_1_122' title='bbox 481 1877 624 1958; x_wconf 86' lang='lat' dir='ltr'>exemplo</span> <span class='ocrx_word' id='word_1_123' title='bbox 654 1877 762 1959; x_wconf 92' lang='lat' dir='ltr'>populi</span> <span class='ocrx_word' id='word_1_124' title='bbox 784 1877 921 1940; x_wconf 88' lang='lat' dir='ltr'>Romani</span> <span class='ocrx_word' id='word_1_125' title='bbox 950 1895 1042 1958; x_wconf 86' lang='lat' dir='ltr'>posse</span> <span class='ocrx_word' id='word_1_126' title='bbox 1073 1877 1135 1940; x_wconf 89' lang='lat' dir='ltr'>iter</span> <span class='ocrx_word' id='word_1_127' title='bbox 1163 1876 1221 1940; x_wconf 92' lang='lat' dir='ltr'>ulli</span> <span class='ocrx_word' id='word_1_128' title='bbox 1249 1893 1307 1959; x_wconf 89' lang='lat' dir='ltr'>per</span> <span class='ocrx_word' id='word_1_129' title='bbox 1338 1877 1464 1958; x_wconf 88' lang='lat' dir='ltr'>provin-</span> 
     </span>
     <span class='ocr_line' id='line_1_16' title="bbox 238 1982 1464 2066; baseline 0 -20"><span class='ocrx_word' id='word_1_130' title='bbox 238 1982 319 2047; x_wconf 88' lang='lat' dir='ltr'>ciam</span> <span class='ocrx_word' id='word_1_131' title='bbox 350 1982 426 2046; x_wconf 86' lang='lat' dir='ltr'>dare</span> <span class='ocrx_word' id='word_1_132' title='bbox 461 1985 509 2060; x_wconf 89' lang='lat' dir='ltr'>et,</span> <span class='ocrx_word' id='word_1_133' title='bbox 545 1983 572 2046; x_wconf 87' lang='lat' dir='ltr'>si</span> <span class='ocrx_word' id='word_1_134' title='bbox 605 1983 671 2047; x_wconf 83' lang='lat' dir='ltr'>vim</span> <span class='ocrx_word' id='word_1_135' title='bbox 709 1982 811 2047; x_wconf 87' lang='lat' dir='ltr'>facore</span> <span class='ocrx_word' id='word_1_136' title='bbox 843 1985 1010 2060; x_wconf 90' lang='lat' dir='ltr'>conentur,</span> <span class='ocrx_word' id='word_1_137' title='bbox 1045 1983 1280 2066; x_wconf 91' lang='lat' dir='ltr'>prohibiturum</span> <span class='ocrx_word' id='word_1_138' title='bbox 1315 1982 1464 2046; x_wconf 87' lang='lat' dir='ltr'>ostendit.</span> 
     </span>
     <span class='ocr_line' id='line_1_17' title="bbox 212 2089 1464 2172; baseline 0.002 -20"><span class='ocrx_word' id='word_1_139' title='bbox 212 2089 377 2153; x_wconf 78' lang='lat' dir='ltr'>iHelvetii</span> <span class='ocrx_word' id='word_1_140' title='bbox 410 2107 447 2153; x_wconf 86' lang='lat' dir='ltr'>oa</span> <span class='ocrx_word' id='word_1_141' title='bbox 478 2109 533 2172; x_wconf 91' lang='lat' dir='ltr'>spe</span> <span class='ocrx_word' id='word_1_142' title='bbox 563 2089 685 2167; x_wconf 88' lang='lat' dir='ltr'>deiecti,</span> <span class='ocrx_word' id='word_1_143' title='bbox 713 2090 847 2154; x_wconf 87' lang='lat' dir='ltr'>navibus</span> <span class='ocrx_word' id='word_1_144' title='bbox 877 2089 994 2153; x_wconf 88' lang='lat' dir='ltr'>iunctis</span> <span class='ocrx_word' id='word_1_145' title='bbox 1029 2091 1214 2170; x_wconf 86' lang='lat' dir='ltr'>ratibusque</span> <span class='ocrx_word' id='word_1_146' title='bbox 1248 2089 1464 2171; x_wconf 87' lang='lat' dir='ltr'>compluribus</span> 
     </span>
    </p>
   </div>
   <div class='ocr_carea' id='block_1_3' title="bbox 222 2300 1572 4416">
    <p class='ocr_par' dir='ltr' id='par_1_3' title="bbox 237 2300 1466 2638">
     <span class='ocr_line' id='line_1_18' title="bbox 311 2300 1464 2370; baseline 0.001 -16"><span class='ocrx_word' id='word_1_147' title='bbox 311 2315 334 2356; x_wconf 84' lang='grc'>6.</span> <span class='ocrx_word' id='word_1_148' title='bbox 353 2302 451 2370; x_wconf 74' lang='lat' dir='ltr'>aeque]</span> <span class='ocrx_word' id='word_1_149' title='bbox 472 2301 560 2368; x_wconf 85' lang='lat' dir='ltr'>„euch</span> <span class='ocrx_word' id='word_1_150' title='bbox 581 2343 622 2356; x_wconf 90' lang='lat'>...</span> <span class='ocrx_word' id='word_1_151' title='bbox 641 2302 746 2356; x_wconf 89' lang='lat' dir='ltr'>nicht“.</span> <span class='ocrx_word' id='word_1_152' title='bbox 765 2329 799 2338; x_wconf 90' lang='lat'>-</span> <span class='ocrx_word' id='word_1_153' title='bbox 819 2302 896 2356; x_wconf 84' lang='lat' dir='ltr'>Verb.</span> <span class='ocrx_word' id='word_1_154' title='bbox 916 2302 1038 2356; x_wconf 83' lang='lat' dir='ltr'>bomiaee</span> <span class='ocrx_word' id='word_1_155' title='bbox 1107 2306 1305 2370; x_wconf 81' lang='lat' dir='ltr'>temperaturos</span> <span class='ocrx_word' id='word_1_156' title='bbox 1319 2300 1415 2370; x_wconf 79' lang='lat' dir='ltr'>(ecoe)!</span> <span class='ocrx_word' id='word_1_157' title='bbox 1429 2331 1464 2342; x_wconf 93' lang='lat'><em>-</em></span> 
     </span>
     <span class='ocr_line' id='line_1_19' title="bbox 237 2389 1463 2458; baseline -0.003 -11"><span class='ocrx_word' id='word_1_158' title='bbox 237 2391 359 2447; x_wconf 81' lang='lat' dir='ltr'>lwmiues</span> <span class='ocrx_word' id='word_1_159' title='bbox 376 2391 490 2446; x_wconf 86' lang='lat' dir='ltr'>iuimico</span> <span class='ocrx_word' id='word_1_160' title='bbox 508 2390 613 2457; x_wconf 84' lang='lat' dir='ltr'>auimo]</span> <span class='ocrx_word' id='word_1_161' title='bbox 634 2407 655 2444; x_wconf 88' lang='lat' dir='ltr'>s.</span> <span class='ocrx_word' id='word_1_162' title='bbox 673 2389 735 2444; x_wconf 85' lang='lat' dir='ltr'>Anl.</span> <span class='ocrx_word' id='word_1_163' title='bbox 754 2390 780 2444; x_wconf 83' lang='lat' dir='ltr'>S.</span> <span class='ocrx_word' id='word_1_164' title='bbox 807 2420 841 2429; x_wconf 91' lang='lat'>-</span> <span class='ocrx_word' id='word_1_165' title='bbox 866 2391 937 2445; x_wconf 79' lang='lat' dir='ltr'>data</span> <span class='ocrx_word' id='word_1_166' title='bbox 955 2390 1105 2458; x_wconf 77' lang='lat' dir='ltr'>facultate]</span> <span class='ocrx_word' id='word_1_167' title='bbox 1124 2391 1178 2444; x_wconf 82' lang='lat' dir='ltr'>lbse</span> <span class='ocrx_word' id='word_1_168' title='bbox 1196 2391 1243 2443; x_wconf 83' lang='lat' dir='ltr'>aul</span> <span class='ocrx_word' id='word_1_169' title='bbox 1258 2390 1326 2444; x_wconf 84' lang='lat' dir='ltr'>nach</span> <span class='ocrx_word' id='word_1_170' title='bbox 1344 2390 1404 2443; x_wconf 82' lang='lat' dir='ltr'>Anl.</span> <span class='ocrx_word' id='word_1_171' title='bbox 1424 2389 1463 2444; x_wconf 89' lang='lat' dir='ltr'>Kl</span> 
     </span>
     <span class='ocr_line' id='line_1_20' title="bbox 238 2478 1466 2548; baseline -0.002 -13"><span class='ocrx_word' id='word_1_172' title='bbox 238 2481 361 2548; x_wconf 80' lang='lat' dir='ltr'>facultas</span> <span class='ocrx_word' id='word_1_173' title='bbox 380 2478 601 2548; x_wconf 83' lang='lat' dir='ltr'>„Mtiglichkeit“.</span> <span class='ocrx_word' id='word_1_174' title='bbox 622 2507 657 2516; x_wconf 92' lang='lat'><em>-</em></span> <span class='ocrx_word' id='word_1_175' title='bbox 676 2485 828 2547; x_wconf 75' lang='lat' dir='ltr'>temperare</span> <span class='ocrx_word' id='word_1_176' title='bbox 847 2479 881 2533; x_wconf 83' lang='lat' dir='ltr'>ab</span> <span class='ocrx_word' id='word_1_177' title='bbox 900 2479 1056 2547; x_wconf 75' lang='lat' dir='ltr'>aliquare]</span> <span class='ocrx_word' id='word_1_178' title='bbox 1084 2481 1186 2546; x_wconf 86' lang='lat' dir='ltr'>„etwas</span> <span class='ocrx_word' id='word_1_179' title='bbox 1205 2479 1383 2546; x_wconf 86' lang='lat' dir='ltr'>unterlassen,</span> <span class='ocrx_word' id='word_1_180' title='bbox 1409 2495 1466 2532; x_wconf 82' lang='lat' dir='ltr'>ver·</span> 
     </span>
     <span class='ocr_line' id='line_1_21' title="bbox 237 2555 1152 2638; baseline -0.004 -14"><span class='ocrx_word' id='word_1_181' title='bbox 237 2569 369 2624; x_wconf 88' lang='lat' dir='ltr'>meiden“.</span> <span class='ocrx_word' id='word_1_182' title='bbox 389 2599 423 2610; x_wconf 88' lang='lat'>-</span> <span class='ocrx_word' id='word_1_183' title='bbox 441 2569 563 2635; x_wconf 81' lang='lat' dir='ltr'>iaiiaia]</span> <span class='ocrx_word' id='word_1_184' title='bbox 583 2567 863 2636; x_wconf 85' lang='lat' dir='ltr'>„Rechtsverletzung,</span> <span class='ocrx_word' id='word_1_185' title='bbox 884 2555 1077 2622; x_wconf 81' lang='lat' dir='ltr'>Gowaltthat“.</span> <span class='ocrx_word' id='word_1_186' title='bbox 1149 2629 1152 2638; x_wconf 27' lang='grc'>1</span> 
     </span>
    </p>

    <p class='ocr_par' dir='ltr' id='par_1_4' title="bbox 236 2656 1465 2979">
     <span class='ocr_line' id='line_1_22' title="bbox 311 2656 1465 2728; baseline -0.002 -16"><span class='ocrx_word' id='word_1_187' title='bbox 311 2671 335 2713; x_wconf 84' lang='grc'>6.</span> <span class='ocrx_word' id='word_1_188' title='bbox 354 2658 477 2728; x_wconf 80' lang='lat' dir='ltr'>epatium</span> <span class='ocrx_word' id='word_1_189' title='bbox 494 2656 652 2725; x_wconf 72' lang='lat' dir='ltr'>intercedit]</span> <span class='ocrx_word' id='word_1_190' title='bbox 671 2656 741 2710; x_wconf 91' lang='lat' dir='ltr'>Wir</span> <span class='ocrx_word' id='word_1_191' title='bbox 760 2657 874 2710; x_wconf 86' lang='lat' dir='ltr'>drlicken</span> <span class='ocrx_word' id='word_1_192' title='bbox 892 2673 947 2724; x_wconf 87' lang='lat' dir='ltr'>aus,</span> <span class='ocrx_word' id='word_1_193' title='bbox 967 2657 1034 2724; x_wconf 84' lang='lat' dir='ltr'>dass,</span> <span class='ocrx_word' id='word_1_194' title='bbox 1052 2657 1140 2710; x_wconf 87' lang='lat' dir='ltr'>iudom</span> <span class='ocrx_word' id='word_1_195' title='bbox 1154 2657 1212 2711; x_wconf 89' lang='lat' dir='ltr'>Zeit</span> <span class='ocrx_word' id='word_1_196' title='bbox 1230 2656 1391 2710; x_wconf 87' lang='lat' dir='ltr'>dazwischon</span> <span class='ocrx_word' id='word_1_197' title='bbox 1409 2673 1465 2710; x_wconf 87' lang='lat' dir='ltr'>vor-</span> 
     </span>
     <span class='ocr_line' id='line_1_23' title="bbox 237 2744 1464 2816; baseline -0.001 -16"><span class='ocrx_word' id='word_1_198' title='bbox 237 2746 311 2816; x_wconf 85' lang='lat' dir='ltr'>geht‚</span> <span class='ocrx_word' id='word_1_199' title='bbox 331 2745 412 2802; x_wconf 78' lang='lat' dir='ltr'>casir</span> <span class='ocrx_word' id='word_1_200' title='bbox 429 2747 505 2801; x_wconf 85' lang='lat' dir='ltr'>sinon</span> <span class='ocrx_word' id='word_1_201' title='bbox 523 2744 661 2800; x_wconf 83' lang='lat' dir='ltr'>Gcwinn</span> <span class='ocrx_word' id='word_1_202' title='bbox 679 2746 735 2800; x_wconf 88' lang='lat' dir='ltr'>hat.</span> <span class='ocrx_word' id='word_1_203' title='bbox 755 2776 788 2784; x_wconf 95' lang='lat'><em>-</em></span> <span class='ocrx_word' id='word_1_204' title='bbox 809 2745 881 2800; x_wconf 81' lang='lat' dir='ltr'>etiem</span> <span class='ocrx_word' id='word_1_205' title='bbox 960 2745 1077 2813; x_wconf 67' lang='lat' dir='ltr'>maiam]</span> <span class='ocrx_word' id='word_1_206' title='bbox 1098 2746 1161 2813; x_wconf 89' lang='lat' dir='ltr'>„ioh</span> <span class='ocrx_word' id='word_1_207' title='bbox 1179 2747 1234 2800; x_wconf 84' lang='lat' dir='ltr'>will</span> <span class='ocrx_word' id='word_1_208' title='bbox 1252 2746 1303 2800; x_wconf 84' lang='lat' dir='ltr'>mir</span> <span class='ocrx_word' id='word_1_209' title='bbox 1320 2746 1377 2799; x_wconf 91' lang='lat' dir='ltr'>eine</span> <span class='ocrx_word' id='word_1_210' title='bbox 1390 2745 1464 2799; x_wconf 82' lang='lat' dir='ltr'>Frist</span> 
     </span>
     <span class='ocr_line' id='line_1_24' title="bbox 237 2834 1464 2904; baseline -0.002 -14"><span class='ocrx_word' id='word_1_211' title='bbox 237 2835 381 2890; x_wconf 88' lang='lat' dir='ltr'>nohmen“.</span> <span class='ocrx_word' id='word_1_212' title='bbox 401 2863 434 2873; x_wconf 85' lang='lat'>——</span> <span class='ocrx_word' id='word_1_213' title='bbox 453 2835 519 2890; x_wconf 77' lang='lat' dir='ltr'>idue</span> <span class='ocrx_word' id='word_1_214' title='bbox 537 2835 662 2904; x_wconf 80' lang='lat' dir='ltr'>Apriles]</span> <span class='ocrx_word' id='word_1_215' title='bbox 680 2834 756 2888; x_wconf 89' lang='lat' dir='ltr'>fielen</span> <span class='ocrx_word' id='word_1_216' title='bbox 775 2835 822 2888; x_wconf 86' lang='lat' dir='ltr'>auf</span> <span class='ocrx_word' id='word_1_217' title='bbox 837 2835 888 2888; x_wconf 88' lang='lat' dir='ltr'>don</span> <span class='ocrx_word' id='word_1_218' title='bbox 907 2835 949 2889; x_wconf 89' lang='lat'>13.</span> <span class='ocrx_word' id='word_1_219' title='bbox 969 2835 1052 2904; x_wconf 79' lang='lat' dir='ltr'>April.</span> <span class='ocrx_word' id='word_1_220' title='bbox 1074 2865 1106 2873; x_wconf 90' lang='lat'>-</span> <span class='ocrx_word' id='word_1_221' title='bbox 1125 2836 1337 2902; x_wconf 71' lang='lat' dir='ltr'>ructuantis]</span> <span class='ocrx_word' id='word_1_222' title='bbox 1362 2836 1464 2888; x_wconf 88' lang='lat' dir='ltr'>lautcte</span> 
     </span>
     <span class='ocr_line' id='line_1_25' title="bbox 236 2922 677 2979; baseline -0.005 0"><span class='ocrx_word' id='word_1_223' title='bbox 236 2924 265 2979; x_wconf 85' lang='lat' dir='ltr'>in</span> <span class='ocrx_word' id='word_1_224' title='bbox 284 2922 376 2979; x_wconf 86' lang='lat' dir='ltr'>Oratio</span> <span class='ocrx_word' id='word_1_225' title='bbox 394 2926 478 2979; x_wconf 88' lang='lat' dir='ltr'>rocta:</span> <span class='ocrx_word' id='word_1_226' title='bbox 496 2925 677 2978; x_wconf 76' lang='lat' dir='ltr'>receatimiui.</span> 
     </span>
    </p>

    <p class='ocr_par' dir='ltr' id='par_1_5' title="bbox 237 3012 1466 3347">
     <span class='ocr_line' id='line_1_26' title="bbox 309 3012 1465 3081; baseline -0.001 -14"><span class='ocrx_word' id='word_1_227' title='bbox 309 3013 388 3081; x_wconf 82' lang='lat' dir='ltr'>Kap.</span> <span class='ocrx_word' id='word_1_228' title='bbox 409 3013 437 3068; x_wconf 82' lang='lat'>8.</span> <span class='ocrx_word' id='word_1_229' title='bbox 479 3025 499 3066; x_wconf 85' lang='grc'>1.</span> <span class='ocrx_word' id='word_1_230' title='bbox 519 3029 552 3066; x_wconf 90' lang='lat' dir='ltr'>ea</span> <span class='ocrx_word' id='word_1_231' title='bbox 571 3013 674 3081; x_wconf 72' lang='lat' dir='ltr'>lepmue</span> <span class='ocrx_word' id='word_1_232' title='bbox 693 3053 745 3080; x_wconf 91' lang='lat'>...,</span> <span class='ocrx_word' id='word_1_233' title='bbox 762 3013 908 3079; x_wconf 77' lang='lat' dir='ltr'>militibus]</span> <span class='ocrx_word' id='word_1_234' title='bbox 927 3013 987 3066; x_wconf 87' lang='lat' dir='ltr'>sind</span> <span class='ocrx_word' id='word_1_235' title='bbox 1000 3013 1060 3066; x_wconf 86' lang='lat' dir='ltr'>Abi.</span> <span class='ocrx_word' id='word_1_236' title='bbox 1073 3013 1151 3066; x_wconf 89' lang='lat' dir='ltr'>instr.</span> <span class='ocrx_word' id='word_1_237' title='bbox 1172 3040 1204 3050; x_wconf 93' lang='lat'><em>-</em></span> <span class='ocrx_word' id='word_1_238' title='bbox 1223 3013 1333 3080; x_wconf 71' lang='lat' dir='ltr'>iupluit]</span> <span class='ocrx_word' id='word_1_239' title='bbox 1353 3012 1465 3078; x_wconf 84' lang='lat' dir='ltr'>„seinon</span> 
     </span>
     <span class='ocr_line' id='line_1_27' title="bbox 237 3100 1465 3170; baseline -0.001 -14"><span class='ocrx_word' id='word_1_240' title='bbox 237 3100 340 3156; x_wconf 82' lang='lat' dir='ltr'>Abfluss</span> <span class='ocrx_word' id='word_1_241' title='bbox 358 3102 437 3156; x_wconf 87' lang='lat' dir='ltr'>hat“.</span> <span class='ocrx_word' id='word_1_242' title='bbox 457 3131 490 3140; x_wconf 90' lang='lat'>-</span> <span class='ocrx_word' id='word_1_243' title='bbox 509 3102 590 3156; x_wconf 87' lang='lat' dir='ltr'>milia</span> <span class='ocrx_word' id='word_1_244' title='bbox 604 3101 754 3170; x_wconf 80' lang='lat' dir='ltr'>passuum]</span> <span class='ocrx_word' id='word_1_245' title='bbox 772 3103 846 3169; x_wconf 88' lang='lat' dir='ltr'>giebt</span> <span class='ocrx_word' id='word_1_246' title='bbox 864 3102 905 3155; x_wconf 91' lang='lat' dir='ltr'>die</span> <span class='ocrx_word' id='word_1_247' title='bbox 923 3102 1010 3170; x_wconf 70' lang='lat' dir='ltr'>Linge</span> <span class='ocrx_word' id='word_1_248' title='bbox 1029 3103 1075 3156; x_wconf 86' lang='lat' dir='ltr'>dor</span> <span class='ocrx_word' id='word_1_249' title='bbox 1093 3103 1184 3154; x_wconf 84' lang='lat' dir='ltr'>Macer</span> <span class='ocrx_word' id='word_1_250' title='bbox 1203 3119 1244 3156; x_wconf 87' lang='lat' dir='ltr'>an.</span> <span class='ocrx_word' id='word_1_251' title='bbox 1263 3132 1297 3140; x_wconf 92' lang='lat'>-</span> <span class='ocrx_word' id='word_1_252' title='bbox 1315 3102 1348 3154; x_wconf 85' lang='lat' dir='ltr'>iu</span> <span class='ocrx_word' id='word_1_253' title='bbox 1366 3101 1465 3155; x_wconf 85' lang='lat' dir='ltr'>altitu·</span> 
     </span>
     <span class='ocr_line' id='line_1_28' title="bbox 237 3183 1466 3260; baseline -0.002 -16"><span class='ocrx_word' id='word_1_254' title='bbox 237 3189 332 3244; x_wconf 68' lang='lat' dir='ltr'>ducem</span> <span class='ocrx_word' id='word_1_255' title='bbox 344 3190 450 3260; x_wconf 82' lang='lat' dir='ltr'>pedum</span> <span class='ocrx_word' id='word_1_256' title='bbox 468 3189 591 3258; x_wconf 85' lang='lat' dir='ltr'>sedecim]</span> <span class='ocrx_word' id='word_1_257' title='bbox 611 3190 668 3243; x_wconf 85' lang='lat' dir='ltr'>Dan</span> <span class='ocrx_word' id='word_1_258' title='bbox 683 3183 793 3244; x_wconf 84' lang='lat' dir='ltr'>Genetiv</span> <span class='ocrx_word' id='word_1_259' title='bbox 810 3190 861 3243; x_wconf 90' lang='lat' dir='ltr'>mit</span> <span class='ocrx_word' id='word_1_260' title='bbox 879 3190 937 3244; x_wconf 90' lang='lat' dir='ltr'>dem</span> <span class='ocrx_word' id='word_1_261' title='bbox 951 3191 1046 3244; x_wconf 84' lang='lat' dir='ltr'>Zosatz</span> <span class='ocrx_word' id='word_1_262' title='bbox 1065 3191 1097 3244; x_wconf 88' lang='lat' dir='ltr'>iu</span> <span class='ocrx_word' id='word_1_263' title='bbox 1111 3190 1288 3245; x_wconf 78' lang='lat' dir='ltr'>altitudinem</span> <span class='ocrx_word' id='word_1_264' title='bbox 1302 3192 1372 3243; x_wconf 77' lang='lat' dir='ltr'>sctit</span> <span class='ocrx_word' id='word_1_265' title='bbox 1384 3188 1466 3243; x_wconf 67' lang='lat' dir='ltr'>(tisun</span> 
     </span>
     <span class='ocr_line' id='line_1_29' title="bbox 237 3278 1089 3347; baseline 0 -15"><span class='ocrx_word' id='word_1_266' title='bbox 237 3279 319 3332; x_wconf 89' lang='lat' dir='ltr'>lieber</span> <span class='ocrx_word' id='word_1_267' title='bbox 337 3279 377 3332; x_wconf 86' lang='lat' dir='ltr'>als</span> <span class='ocrx_word' id='word_1_268' title='bbox 396 3278 442 3332; x_wconf 88' lang='lat' dir='ltr'>das</span> <span class='ocrx_word' id='word_1_269' title='bbox 460 3278 628 3347; x_wconf 85' lang='lat' dir='ltr'>Adjcctivum</span> <span class='ocrx_word' id='word_1_270' title='bbox 647 3279 723 3332; x_wconf 83' lang='lat' dir='ltr'>altus</span> <span class='ocrx_word' id='word_1_271' title='bbox 740 3279 790 3332; x_wconf 91' lang='lat' dir='ltr'>mit</span> <span class='ocrx_word' id='word_1_272' title='bbox 808 3279 900 3332; x_wconf 85' lang='lat' dir='ltr'>Aecus.</span> <span class='ocrx_word' id='word_1_273' title='bbox 921 3279 966 3332; x_wconf 90' lang='lat' dir='ltr'>des</span> <span class='ocrx_word' id='word_1_274' title='bbox 984 3279 1089 3333; x_wconf 79' lang='lat' dir='ltr'>Melsos.</span> 
     </span>
    </p>

    <p class='ocr_par' dir='ltr' id='par_1_6' title="bbox 233 3365 1572 3616">
     <span class='ocr_line' id='line_1_30' title="bbox 311 3365 1572 3436; baseline 0 -17"><span class='ocrx_word' id='word_1_275' title='bbox 311 3377 334 3420; x_wconf 80' lang='lat' dir='ltr'>a.</span> <span class='ocrx_word' id='word_1_276' title='bbox 354 3382 384 3420; x_wconf 92' lang='lat' dir='ltr'>eo</span> <span class='ocrx_word' id='word_1_277' title='bbox 403 3366 492 3435; x_wconf 78' lang='lat' dir='ltr'>opere]</span> <span class='ocrx_word' id='word_1_278' title='bbox 510 3383 581 3435; x_wconf 82' lang='lat' dir='ltr'>opus</span> <span class='ocrx_word' id='word_1_279' title='bbox 600 3367 673 3420; x_wconf 88' lang='lat' dir='ltr'>steht</span> <span class='ocrx_word' id='word_1_280' title='bbox 687 3367 728 3419; x_wconf 80' lang='lat' dir='ltr'>fiir</span> <span class='ocrx_word' id='word_1_281' title='bbox 740 3367 839 3420; x_wconf 80' lang='lat' dir='ltr'>allerlei</span> <span class='ocrx_word' id='word_1_282' title='bbox 854 3365 1021 3436; x_wconf 84' lang='lat' dir='ltr'>Anlagen,</span> <span class='ocrx_word' id='word_1_283' title='bbox 1041 3367 1082 3420; x_wconf 91' lang='lat' dir='ltr'>die</span> <span class='ocrx_word' id='word_1_284' title='bbox 1096 3367 1143 3420; x_wconf 87' lang='lat' dir='ltr'>dor</span> <span class='ocrx_word' id='word_1_285' title='bbox 1155 3367 1327 3436; x_wconf 77' lang='lat' dir='ltr'>Beiestigimg</span> <span class='ocrx_word' id='word_1_286' title='bbox 1341 3366 1403 3420; x_wconf 88' lang='lat' dir='ltr'>odor</span> <span class='ocrx_word' id='word_1_287' title='bbox 1416 3366 1466 3420; x_wconf 89' lang='lat' dir='ltr'>Be-</span> <span class='ocrx_word' id='word_1_288' title='bbox 1571 3395 1572 3436; x_wconf 71' lang='lat'><em>3</em></span> 
     </span>
     <span class='ocr_line' id='line_1_31' title="bbox 237 3453 1572 3526; baseline 0.001 -17"><span class='ocrx_word' id='word_1_289' title='bbox 237 3455 365 3522; x_wconf 87' lang='lat' dir='ltr'>lagerung</span> <span class='ocrx_word' id='word_1_290' title='bbox 383 3454 485 3509; x_wconf 81' lang='grc'><strong>(11611611.</strong></span> <span class='ocrx_word' id='word_1_291' title='bbox 505 3482 539 3492; x_wconf 84' lang='grc'><strong>-</strong></span> <span class='ocrx_word' id='word_1_292' title='bbox 559 3453 745 3523; x_wconf 75' lang='lat' dir='ltr'>praesidium]</span> <span class='ocrx_word' id='word_1_293' title='bbox 765 3455 949 3524; x_wconf 83' lang='lat' dir='ltr'>„Besateung,</span> <span class='ocrx_word' id='word_1_294' title='bbox 973 3456 1085 3523; x_wconf 87' lang='lat' dir='ltr'>Posten‚</span> <span class='ocrx_word' id='word_1_295' title='bbox 1110 3455 1333 3526; x_wconf 84' lang='lat' dir='ltr'>Schutztruppe“.</span> <span class='ocrx_word' id='word_1_296' title='bbox 1354 3455 1464 3510; x_wconf 84' lang='lat' dir='ltr'>-dis-</span> <span class='ocrx_word' id='word_1_297' title='bbox 1571 3461 1572 3504; x_wconf 77' lang='lat' dir='ltr'>t</span> 
     </span>
     <span class='ocr_line' id='line_1_32' title="bbox 233 3543 1465 3614; baseline 0 -16"><span class='ocrx_word' id='word_1_298' title='bbox 233 3543 349 3614; x_wconf 76' lang='lat' dir='ltr'>paucae]</span> <span class='ocrx_word' id='word_1_299' title='bbox 376 3559 433 3610; x_wconf 86' lang='lat' dir='ltr'>„an</span> <span class='ocrx_word' id='word_1_300' title='bbox 458 3543 659 3597; x_wconf 86' lang='lat' dir='ltr'>verschiedensu</span> <span class='ocrx_word' id='word_1_301' title='bbox 676 3543 799 3597; x_wconf 83' lang='lat' dir='ltr'>Punktou</span> <span class='ocrx_word' id='word_1_302' title='bbox 824 3544 995 3600; x_wconf 82' lang='lat' dir='ltr'>aulstollen“.</span> <span class='ocrx_word' id='word_1_303' title='bbox 1015 3575 1049 3583; x_wconf 90' lang='lat'><strong>—</strong></span> <span class='ocrx_word' id='word_1_304' title='bbox 1069 3545 1192 3614; x_wconf 83' lang='lat' dir='ltr'>castella]</span> <span class='ocrx_word' id='word_1_305' title='bbox 1211 3545 1271 3598; x_wconf 86' lang='lat' dir='ltr'>sind</span> <span class='ocrx_word' id='word_1_306' title='bbox 1288 3545 1355 3598; x_wconf 85' lang='lat' dir='ltr'>feste</span> <span class='ocrx_word' id='word_1_307' title='bbox 1373 3544 1465 3598; x_wconf 78' lang='lat' dir='ltr'>Plttco</span> 
     </span>
    </p>

    <p class='ocr_par' dir='ltr' id='par_1_7' title="bbox 222 3619 1572 3792">
     <span class='ocr_line' id='line_1_33' title="bbox 222 3629 1572 3708; baseline 0.003 -24"><span class='ocrx_word' id='word_1_308' title='bbox 222 3629 393 3700; x_wconf 49' lang='grc'><strong>1111111116,</strong></span> <span class='ocrx_word' id='word_1_309' title='bbox 419 3631 461 3685; x_wconf 86' lang='lat' dir='ltr'>die</span> <span class='ocrx_word' id='word_1_310' title='bbox 479 3632 598 3700; x_wconf 87' lang='lat' dir='ltr'>ringsum</span> <span class='ocrx_word' id='word_1_311' title='bbox 615 3632 742 3701; x_wconf 81' lang='lat' dir='ltr'>boiestigt</span> <span class='ocrx_word' id='word_1_312' title='bbox 760 3632 832 3700; x_wconf 90' lang='lat' dir='ltr'>sind,</span> <span class='ocrx_word' id='word_1_313' title='bbox 857 3633 912 3689; x_wconf 84' lang='lat' dir='ltr'>also</span> <span class='ocrx_word' id='word_1_314' title='bbox 931 3634 998 3688; x_wconf 87' lang='lat' dir='ltr'>auch</span> <span class='ocrx_word' id='word_1_315' title='bbox 1017 3634 1214 3701; x_wconf 89' lang='lat' dir='ltr'>„Basticnen“.</span> <span class='ocrx_word' id='word_1_316' title='bbox 1234 3664 1268 3672; x_wconf 98' lang='lat'>—</span> <span class='ocrx_word' id='word_1_317' title='bbox 1288 3633 1465 3702; x_wconf 74' lang='lat' dir='ltr'>continuatae]</span> <span class='ocrx_word' id='word_1_318' title='bbox 1571 3689 1572 3708; x_wconf 15' lang='grc' dir='ltr'>γ</span> 
     </span>
     <span class='ocr_line' id='line_1_34' title="bbox 238 3717 1572 3792; baseline 0.001 -18"><span class='ocrx_word' id='word_1_319' title='bbox 238 3720 336 3774; x_wconf 88' lang='lat' dir='ltr'>sowohl</span> <span class='ocrx_word' id='word_1_320' title='bbox 355 3720 543 3789; x_wconf 78' lang='lat' dir='ltr'>„befcstigcn“</span> <span class='ocrx_word' id='word_1_321' title='bbox 562 3722 602 3774; x_wconf 82' lang='lat' dir='ltr'>als</span> <span class='ocrx_word' id='word_1_322' title='bbox 622 3721 695 3788; x_wconf 86' lang='lat' dir='ltr'>„fest</span> <span class='ocrx_word' id='word_1_323' title='bbox 713 3722 854 3790; x_wconf 86' lang='lat' dir='ltr'>anlegen“.</span> <span class='ocrx_word' id='word_1_324' title='bbox 874 3753 908 3762; x_wconf 88' lang='lat'>-</span> <span class='ocrx_word' id='word_1_325' title='bbox 927 3739 968 3776; x_wconf 87' lang='lat' dir='ltr'>me</span> <span class='ocrx_word' id='word_1_326' title='bbox 981 3722 1081 3792; x_wconf 72' lang='lat' dir='ltr'>uiuite]</span> <span class='ocrx_word' id='word_1_327' title='bbox 1101 3723 1203 3790; x_wconf 86' lang='lat' dir='ltr'>„wider</span> <span class='ocrx_word' id='word_1_328' title='bbox 1219 3723 1320 3776; x_wconf 88' lang='lat' dir='ltr'>meinen</span> <span class='ocrx_word' id='word_1_329' title='bbox 1333 3722 1465 3776; x_wconf 88' lang='lat' dir='ltr'>Willen“.</span> <span class='ocrx_word' id='word_1_330' title='bbox 1571 3717 1572 3788; x_wconf 75' lang='lat' dir='ltr'>l</span> 
     </span>
    </p>

    <p class='ocr_par' dir='ltr' id='par_1_8' title="bbox 236 3797 1572 4147">
     <span class='ocr_line' id='line_1_35' title="bbox 311 3797 1572 3890; baseline 0.003 -28"><span class='ocrx_word' id='word_1_331' title='bbox 311 3821 334 3863; x_wconf 82' lang='grc'>6.</span> <span class='ocrx_word' id='word_1_332' title='bbox 353 3825 435 3879; x_wconf 78' lang='lat' dir='ltr'>quam</span> <span class='ocrx_word' id='word_1_333' title='bbox 454 3811 650 3877; x_wconf 81' lang='lat' dir='ltr'>coustituerat]</span> <span class='ocrx_word' id='word_1_334' title='bbox 670 3827 690 3866; x_wconf 88' lang='lat' dir='ltr'>s.</span> <span class='ocrx_word' id='word_1_335' title='bbox 709 3809 769 3866; x_wconf 80' lang='lat' dir='ltr'>Anl.</span> <span class='ocrx_word' id='word_1_336' title='bbox 788 3812 819 3867; x_wconf 91' lang='lat' dir='ltr'>B.</span> <span class='ocrx_word' id='word_1_337' title='bbox 839 3841 873 3852; x_wconf 94' lang='lat'><em>-</em></span> <span class='ocrx_word' id='word_1_338' title='bbox 891 3812 988 3882; x_wconf 77' lang='lat' dir='ltr'>uepat]</span> <span class='ocrx_word' id='word_1_339' title='bbox 1007 3835 1042 3856; x_wconf 94' lang='lat'>=</span> <span class='ocrx_word' id='word_1_340' title='bbox 1069 3812 1138 3866; x_wconf 82' lang='lat' dir='ltr'>dicit</span> <span class='ocrx_word' id='word_1_341' title='bbox 1209 3828 1281 3880; x_wconf 86' lang='lat' dir='ltr'>ucn‚·</span> <span class='ocrx_word' id='word_1_342' title='bbox 1305 3811 1389 3864; x_wconf 87' lang='lat' dir='ltr'>dieses</span> <span class='ocrx_word' id='word_1_343' title='bbox 1406 3827 1466 3866; x_wconf 83' lang='lat' dir='ltr'>aaa</span> <span class='ocrx_word' id='word_1_344' title='bbox 1563 3797 1572 3890; x_wconf 48' lang='lat' dir='ltr'>p</span> 
     </span>
     <span class='ocr_line' id='line_1_36' title="bbox 236 3897 1572 3969; baseline 0.005 -18"><span class='ocrx_word' id='word_1_345' title='bbox 236 3897 378 3952; x_wconf 87' lang='lat' dir='ltr'>vorbinden</span> <span class='ocrx_word' id='word_1_346' title='bbox 396 3899 444 3952; x_wconf 89' lang='lat' dir='ltr'>wir</span> <span class='ocrx_word' id='word_1_347' title='bbox 466 3899 517 3953; x_wconf 91' lang='lat' dir='ltr'>mit</span> <span class='ocrx_word' id='word_1_348' title='bbox 541 3899 600 3952; x_wconf 89' lang='lat' dir='ltr'>dem</span> <span class='ocrx_word' id='word_1_349' title='bbox 624 3899 762 3969; x_wconf 81' lang='lat' dir='ltr'>folgenden</span> <span class='ocrx_word' id='word_1_350' title='bbox 786 3901 840 3956; x_wconf 86' lang='lat' dir='ltr'>ulli</span> <span class='ocrx_word' id='word_1_351' title='bbox 863 3918 893 3953; x_wconf 82' lang='lat' dir='ltr'>zu</span> <span class='ocrx_word' id='word_1_352' title='bbox 918 3901 1000 3954; x_wconf 75' lang='lat' dir='ltr'>aazia</span> <span class='ocrx_word' id='word_1_353' title='bbox 1026 3931 1060 3940; x_wconf 95' lang='lat'><em>-</em></span> <span class='ocrx_word' id='word_1_354' title='bbox 1084 3916 1158 3955; x_wconf 77' lang='lat' dir='ltr'>more</span> <span class='ocrx_word' id='word_1_355' title='bbox 1178 3906 1205 3955; x_wconf 88' lang='lat' dir='ltr'>et</span> <span class='ocrx_word' id='word_1_356' title='bbox 1222 3900 1354 3969; x_wconf 74' lang='lat' dir='ltr'>exemplo]</span> <span class='ocrx_word' id='word_1_357' title='bbox 1374 3899 1464 3967; x_wconf 87' lang='lat' dir='ltr'>„nach</span> <span class='ocrx_word' id='word_1_358' title='bbox 1571 3899 1572 3958; x_wconf 77' lang='lat' dir='ltr'>l</span> 
     </span>
     <span class='ocr_line' id='line_1_37' title="bbox 236 3979 1572 4059; baseline 0.002 -20"><span class='ocrx_word' id='word_1_359' title='bbox 236 3987 342 4040; x_wconf 85' lang='lat' dir='ltr'>Brauch</span> <span class='ocrx_word' id='word_1_360' title='bbox 360 3987 414 4040; x_wconf 92' lang='lat' dir='ltr'>und</span> <span class='ocrx_word' id='word_1_361' title='bbox 432 3988 586 4057; x_wconf 82' lang='lat' dir='ltr'>Vorgang“.</span> <span class='ocrx_word' id='word_1_362' title='bbox 606 4017 640 4027; x_wconf 86' lang='lat'>-</span> <span class='ocrx_word' id='word_1_363' title='bbox 658 3990 713 4044; x_wconf 77' lang='lat' dir='ltr'>iter</span> <span class='ocrx_word' id='word_1_364' title='bbox 726 3990 806 4059; x_wconf 83' lang='lat' dir='ltr'>dare]</span> <span class='ocrx_word' id='word_1_365' title='bbox 826 3990 1043 4058; x_wconf 86' lang='lat' dir='ltr'>„Durchmarsoh</span> <span class='ocrx_word' id='word_1_366' title='bbox 1060 3990 1230 4058; x_wconf 57' lang='grc' dir='ltr'>961111’1111611“ι</span> <span class='ocrx_word' id='word_1_367' title='bbox 1250 4019 1284 4028; x_wconf 90' lang='grc'><strong>-</strong></span> <span class='ocrx_word' id='word_1_368' title='bbox 1303 3989 1359 4043; x_wconf 76' lang='lat' dir='ltr'>aiau</span> <span class='ocrx_word' id='word_1_369' title='bbox 1371 3988 1465 4054; x_wconf 80' lang='lat' dir='ltr'>facere</span> <span class='ocrx_word' id='word_1_370' title='bbox 1571 3979 1572 4016; x_wconf 68' lang='lat'><em>³</em></span> 
     </span>
     <span class='ocr_line' id='line_1_38' title="bbox 237 4075 1572 4147; baseline 0 -15"><span class='ocrx_word' id='word_1_371' title='bbox 237 4075 346 4144; x_wconf 79' lang='lat' dir='ltr'>occari]</span> <span class='ocrx_word' id='word_1_372' title='bbox 364 4077 518 4131; x_wconf 80' lang='lat' dir='ltr'>verkdraen!</span> <span class='ocrx_word' id='word_1_373' title='bbox 540 4107 572 4116; x_wconf 94' lang='lat'>—</span> <span class='ocrx_word' id='word_1_374' title='bbox 591 4079 742 4146; x_wconf 72' lang='lat' dir='ltr'>ostendere]</span> <span class='ocrx_word' id='word_1_375' title='bbox 762 4079 904 4147; x_wconf 67' lang='lat' dir='ltr'>„erbffnem</span> <span class='ocrx_word' id='word_1_376' title='bbox 923 4079 1050 4146; x_wconf 76' lang='lat' dir='ltr'>erkliron,</span> <span class='ocrx_word' id='word_1_377' title='bbox 1070 4078 1224 4146; x_wconf 84' lang='lat' dir='ltr'>darlogen“.</span> <span class='ocrx_word' id='word_1_378' title='bbox 1571 4077 1572 4080; x_wconf 68' lang='grc'>’</span> 
     </span>
    </p>

    <p class='ocr_par' dir='ltr' id='par_1_9' title="bbox 232 4165 1572 4416">
     <span class='ocr_line' id='line_1_39' title="bbox 309 4165 1572 4238; baseline 0.002 -20"><span class='ocrx_word' id='word_1_379' title='bbox 309 4178 334 4220; x_wconf 79' lang='grc'>4.</span> <span class='ocrx_word' id='word_1_380' title='bbox 353 4165 385 4218; x_wconf 93' lang='lat' dir='ltr'>In</span> <span class='ocrx_word' id='word_1_381' title='bbox 404 4166 501 4220; x_wconf 85' lang='lat' dir='ltr'>diesem</span> <span class='ocrx_word' id='word_1_382' title='bbox 519 4168 705 4238; x_wconf 82' lang='lat' dir='ltr'>Peragraphen</span> <span class='ocrx_word' id='word_1_383' title='bbox 724 4168 783 4223; x_wconf 91' lang='lat' dir='ltr'>sind</span> <span class='ocrx_word' id='word_1_384' title='bbox 802 4169 852 4222; x_wconf 85' lang='lat' dir='ltr'>alle</span> <span class='ocrx_word' id='word_1_385' title='bbox 868 4168 1012 4238; x_wconf 85' lang='lat' dir='ltr'>Participia</span> <span class='ocrx_word' id='word_1_386' title='bbox 1029 4167 1168 4222; x_wconf 86' lang='lat' dir='ltr'>coniuncta</span> <span class='ocrx_word' id='word_1_387' title='bbox 1187 4166 1269 4220; x_wconf 87' lang='lat' dir='ltr'>durch</span> <span class='ocrx_word' id='word_1_388' title='bbox 1282 4167 1369 4220; x_wconf 83' lang='lat' dir='ltr'>Verba</span> <span class='ocrx_word' id='word_1_389' title='bbox 1387 4165 1465 4220; x_wconf 89' lang='lat' dir='ltr'>finita</span> <span class='ocrx_word' id='word_1_390' title='bbox 1571 4223 1572 4228; x_wconf 55' lang='grc'>,</span> 
     </span>
     <span class='ocr_line' id='line_1_40' title="bbox 237 4243 1572 4326; baseline 0.001 -19"><span class='ocrx_word' id='word_1_391' title='bbox 237 4271 270 4308; x_wconf 87' lang='lat' dir='ltr'>au</span> <span class='ocrx_word' id='word_1_392' title='bbox 288 4255 449 4310; x_wconf 82' lang='lat' dir='ltr'>iibersetzcn.</span> <span class='ocrx_word' id='word_1_393' title='bbox 469 4286 504 4294; x_wconf 89' lang='lat'>—</span> <span class='ocrx_word' id='word_1_394' title='bbox 523 4272 556 4311; x_wconf 91' lang='lat' dir='ltr'>ea</span> <span class='ocrx_word' id='word_1_395' title='bbox 574 4273 621 4326; x_wconf 83' lang='lat' dir='ltr'>epe</span> <span class='ocrx_word' id='word_1_396' title='bbox 640 4257 749 4325; x_wconf 82' lang='lat' dir='ltr'>deiecti]</span> <span class='ocrx_word' id='word_1_397' title='bbox 776 4299 791 4325; x_wconf 94' lang='lat'>„</span> <span class='ocrx_word' id='word_1_398' title='bbox 799 4257 838 4310; x_wconf 82' lang='lat' dir='ltr'>als</span> <span class='ocrx_word' id='word_1_399' title='bbox 863 4257 900 4310; x_wconf 89' lang='lat' dir='ltr'>sie</span> <span class='ocrx_word' id='word_1_400' title='bbox 924 4257 981 4311; x_wconf 90' lang='lat' dir='ltr'>sich</span> <span class='ocrx_word' id='word_1_401' title='bbox 1004 4257 1032 4311; x_wconf 90' lang='lat' dir='ltr'>in</span> <span class='ocrx_word' id='word_1_402' title='bbox 1056 4257 1140 4311; x_wconf 88' lang='lat' dir='ltr'>dieser</span> <span class='ocrx_word' id='word_1_403' title='bbox 1162 4256 1298 4324; x_wconf 82' lang='lat' dir='ltr'>Hoffnung</span> <span class='ocrx_word' id='word_1_404' title='bbox 1321 4255 1464 4324; x_wconf 70' lang='lat' dir='ltr'>getiuscht</span> <span class='ocrx_word' id='word_1_405' title='bbox 1571 4243 1572 4262; x_wconf 66' lang='lat'>³</span> 
     </span>
     <span class='ocr_line' id='line_1_41' title="bbox 232 4331 1464 4416; baseline 0.002 -20"><span class='ocrx_word' id='word_1_406' title='bbox 232 4343 370 4399; x_wconf 85' lang='lat' dir='ltr'>sahen“.</span> <span class='ocrx_word' id='word_1_407' title='bbox 394 4374 428 4384; x_wconf 95' lang='lat'>—</span> <span class='ocrx_word' id='word_1_408' title='bbox 446 4347 565 4402; x_wconf 75' lang='grc'><strong>66661166</strong></span> <span class='ocrx_word' id='word_1_409' title='bbox 582 4343 696 4414; x_wconf 75' lang='lat' dir='ltr'>iuuetis]</span> <span class='ocrx_word' id='word_1_410' title='bbox 715 4331 799 4401; x_wconf 83' lang='lat' dir='ltr'>uaeas</span> <span class='ocrx_word' id='word_1_411' title='bbox 817 4345 933 4416; x_wconf 78' lang='lat' dir='ltr'>iuapere</span> <span class='ocrx_word' id='word_1_412' title='bbox 953 4345 1068 4414; x_wconf 80' lang='lat' dir='ltr'>„Schiffe</span> <span class='ocrx_word' id='word_1_413' title='bbox 1094 4347 1355 4416; x_wconf 85' lang='lat' dir='ltr'>zusammsnkcppeln</span> <span class='ocrx_word' id='word_1_414' title='bbox 1363 4345 1395 4411; x_wconf 84' lang='lat'>“3</span> <span class='ocrx_word' id='word_1_415' title='bbox 1422 4344 1464 4398; x_wconf 89' lang='lat' dir='ltr'>die</span> 
     </span>
    </p>
   </div>
   <div class='ocr_carea' id='block_1_4' title="bbox 0 0 1595 4916">
    <p class='ocr_par' dir='ltr' id='par_1_10' title="bbox 0 0 1595 4916">
     <span class='ocr_line' id='line_1_42' title="bbox 0 0 1595 4916; baseline 0 0"><span class='ocrx_word' id='word_1_416' title='bbox 0 0 1595 4916; x_wconf 95' lang='lat' dir='ltr'> </span> 
     </span>
    </p>
   </div>
  </div>
 </body>
</html>
