3172 4922
547 405 645 461 comm.
663 404 700 472 11,
719 421 741 460 e.
761 406 874 460 re-re.
1298 401 1335 462 aa

97 587 162 632 non
188 567 358 632 auderent.
391 567 572 631 Adiuvabat
588 567 685 630 etiam
710 584 819 636 eorum
842 567 1019 643 eonsilium,
1043 567 1098 647 qui
1121 584 1191 630 rem
1214 564 1357 630 desere-r

99 676 188 752 bant,
214 674 301 756 qnod
324 673 434 738 Nervii
457 674 645 755 antiquitus,
668 692 742 737 oum
767 673 913 755 equitatu
943 674 1024 736 nihil
1052 675 1184 756 possent
1216 672 1333 755 (neque

100 782 188 845 enim
213 781 255 845 ad
277 782 338 845 hoo
360 784 488 863 tempus
518 781 547 844 ei
569 780 616 844 rei
646 779 792 857 student,
816 779 885 856 sed,
918 779 1068 861 quioquid
1098 781 1247 863 possunt,
1278 797 1334 862 pe·

99 888 265 952 destribus
297 887 405 951 valent
434 887 557 969 eopiis),
587 905 648 967 quo
679 885 803 950 facilius
832 885 1042 950 finitimorum
1073 886 1267 967 equitatum,
1306 885 1333 949 si

100 993 280 1078 praedandi
304 1011 401 1058 eausa
431 993 470 1056 ad
494 1011 548 1058 eos
572 993 748 1069 venissent,
778 992 987 1075 impedirent,
1017 993 1136 1056 teneris
1168 991 1332 1056 arboribus

99 1101 212 1165 inoiais
245 1102 343 1181 atque
373 1099 495 1164 inflexis
527 1100 707 1180 crebrisque
740 1099 774 1161 in
803 1099 1008 1163 lat'tudinem
1038 1100 1136 1163 ramis
1168 1099 1271 1163 enatis
1303 1099 1336 1163 et

100 1208 191 1272 rubis
217 1208 426 1288 sentibusque
450 1206 624 1280 interieetis
649 1205 827 1283 effecerant,
850 1208 889 1270 ut
911 1206 1014 1270 instar
1036 1206 1120 1270 muri
1143 1206 1203 1270 hae
1224 1223 1334 1288 saepes

102 1314 309 1379 munimenta
332 1314 371 1377 iis
394 1314 591 1395 praeberent,
617 1332 678 1395 quo
701 1331 766 1376 non
788 1312 881 1376 modo
904 1331 968 1376 non
983 1312 1105 1390 intrari,
1130 1311 1241 1376 sedne
1264 1331 1335 1394 per-

103 1421 184 1502 spioi
209 1419 339 1501 quidem
362 1422 478 1502 posset.
523 1419 583 1482 His
606 1419 701 1483 rebus
726 1419 883 1482 comiter
907 1419 1043 1500 agminia
1072 1419 1174 1483 nostri
1203 1419 1360 1502 impedi-a

103 1529 204 1604 retur,
227 1544 292 1590 non
316 1525 530 1590 omittendum
554 1525 721 1589 eonsilium
744 1524 854 1588 Nervii
878 1525 1149 1590 existimaverunt.

193 1633 272 1696 Looi
294 1634 413 1696 natura
436 1634 505 1696 erat
527 1632 614 1709 haee,
639 1650 735 1712 quem
758 1631 863 1696 iooum
885 1632 987 1695 nostri
1003 1632 1117 1696 eastris
1141 1630 1333 1714 delegerant.
1346 1636 1389 1698 18

106 1738 205 1805 Collis
230 1739 271 1803 ab
295 1757 420 1803 summo
445 1738 621 1820 aequaliter
645 1738 774 1802 dealivis
798 1738 839 1802 ad
858 1737 979 1802 flumen
996 1737 1114 1817 Sabim,
1139 1737 1223 1820 quod
1239 1755 1336 1821 supra

104 1845 353 1922 nominavimus,
376 1845 537 1927 vergebat.
582 1845 631 1909 Ab
655 1844 844 1909 eonomine
868 1845 938 1928 pari
961 1845 1138 1910 aeoliritate
1168 1845 1256 1909 eollis
1279 1862 1361 1911 nar

105 1952 257 2017 suebatur
280 1951 434 2017 adversus
458 1951 532 2016 huie
557 1953 589 2016 et
613 1953 799 2028 eontrariuS,
826 1969 941 2034 passus
965 1952 1089 2016 oireiter
1112 1952 1265 2016 ducentos
1288 1951 1335 2015 in-

104 2059 200 2122 fimus
226 2059 366 2141 apertus,
391 2059 430 2122 ab
454 2058 614 2141 superiore
638 2061 729 2141 parte
751 2058 914 2140 silvestris,
938 2059 1054 2121 utnon
1070 2057 1161 2123 faeiie
1177 2059 1335 2122 introrsus

105 2164 242 2248 perspici
266 2165 382 2247 posset.
427 2164 519 2228 Intra
542 2183 596 2228 eas
621 2164 718 2228 silvas
741 2165 849 2228 hostes
878 2165 911 2228 in
941 2165 1064 2228 oeonlto
1096 2183 1165 2230 sese
1195 2165 1361 2229 pontiae-e

105 2273 200 2346 bant;
224 2272 259 2335 in
283 2273 392 2353 aperto
416 2271 482 2335 loeo
507 2271 683 2334 seeundum
705 2269 826 2334 flumen
849 2289 970 2352 pauoae
1003 2272 1157 2336 stationes
1189 2272 1334 2353 equitum

105 2377 306 2442 ridebantur.
352 2377 508 2441 Fluminis
532 2380 601 2442 erat
625 2377 761 2441 altitudo
784 2377 902 2461 pedum
927 2377 1053 2442 oiroiter
1076 2379 1184 2442 trium.

177 2567 202 2607 r.
226 2553 264 2606 Zu
289 2553 444 2607 adiuvabat
467 2555 512 2621 (=
531 2553 699 2623 „empfahl“)
722 2554 759 2608 ist
777 2553 888 2623 Subjekt
907 2555 981 2623 qaod
999 2555 1100 2610 Nerati
1180 2555 1335 2622 affecerant.

105 2641 163 2696 Wir
181 2642 304 2696 sohieben
323 2658 369 2696 vor
387 2642 460 2711 quod
478 2641 520 2696 ein
546 2641 615 2710 „der
632 2641 794 2710 Umstand“‚
819 2643 881 2698 oder
905 2644 954 2697 wir
979 2660 1074 2712 sagon:
1100 2643 1257 2712 „folgender
1273 2643 1336 2697 Um-

106 2731 216 2798 stand“‚
240 2731 329 2784 lassen
354 2731 428 2800 qaod
453 2731 624 2785 antibersetzt
647 2732 701 2785 und
725 2733 858 2800 gestalten
883 2732 933 2787 den
958 2733 1096 2802 folgenden
1115 2732 1176 2787 Sata
1201 2733 1336 2788 naeinam

105 2819 265 2891 Hauptsata.
292 2849 325 2857 —
349 2819 424 2872 nibil
436 2807 527 2888 poree]
547 2819 688 2886 ‚,sehwaeh
713 2820 799 2874 sein“.
825 2849 859 2860 -
884 2821 1136 2889 nequeenim]
1161 2821 1220 2876 hier
1245 2822 1335 2890 „deun

105 2908 191 2962 auah
209 2908 315 2963 nieht“.
335 2937 369 2946 -
395 2907 435 2961 ud
452 2909 503 2962 boa
521 2909 639 2978 temptes]
660 2909 722 2976 „bis
738 2909 838 2977 jetrt“.
857 2939 890 2948 -
910 2909 1025 2965 statere
1042 2909 1095 2979 rea]
1116 2910 1251 2978 „bedacht
1269 2910 1334 2978 eain,

104 2995 181 3051 Wert
198 2997 276 3066 legen
294 2997 341 3050 auf
358 2997 426 3051 ...“.
446 3025 479 3034 -
498 2997 583 3051 Wenn
603 2997 651 3051 wir
669 2998 803 3067 quicquid
819 3004 937 3069 possunt
955 2999 1013 3052 hier
1025 2999 1179 3053 ubersetaea
1192 2999 1243 3053 mit
1257 2998 1335 3066 „ihre

104 3103 185 3154 ganza
199 3085 325 3152 Starke“,
345 3085 393 3139 wie
405 3085 476 3139 musa
489 3086 558 3139 dann
576 3087 671 3141 ualeat
688 3087 900 3159 wiedergegeben
918 3074 1043 3142 werden?
1062 3117 1096 3126 —
1115 3103 1169 3158 quo
1249 3089 1333 3158 impe·

106 3175 210 3244 diram]
225 3175 300 3243 giebt
313 3174 356 3228 die
365 3173 478 3229 1161611
491 3191 533 3230 an.
548 3205 583 3216 -
592 3176 756 3246 praedatorii
769 3177 867 3244 auara]
882 3178 932 3244 „in
945 3177 1128 3231 rauberiseher
1143 3175 1284 3232 Absioht“.
1300 3206 1330 3218 -

104 3264 249 3334 inpedire]
264 3263 453 3331 „aufhalten“.
464 3266 615 3320 -1116616
629 3265 773 3320 arboribus
785 3265 893 3335 iaetus]
908 3266 1017 3334 „indam
1032 3266 1070 3320 sie
1079 3265 1161 3335 junge
1169 3266 1269 3320 Btume
1282 3265 1336 3320 ein·

105 3353 248 3420 1111161,
258 3353 405 3424 kappten“.
416 3383 450 3392 -
464 3355 551 3409 rumis
557 3353 665 3424 matis]
679 3356 814 3410 iiberaetaa
822 3355 874 3408 mit
887 3345 974 3423 „date
983 3355 1199 3410 berauuwaohsea
1207 3353 1334 3421 lieisen“;

38 3449 40 3456 '
103 3458 203 3496 warum
216 3441 292 3496 nieht
305 3442 445 3496 wbrtlieh?
464 3469 498 3482 —-
516 3443 670 3521 interteere]
689 3444 1020 3515 „darwisehenpflanaen“.
1036 3474 1070 3484 -
1088 3445 1180 3499 iratur
1197 3444 1282 3512 mari]
1303 3461 1336 3498 au

103 3531 277 3586 munimenta
290 3531 408 3600 gehtrig,
422 3532 556 3586 ubersetae
570 3522 654 3586 dureh
667 3532 709 3586 ein
723 3532 820 3587 bloises
832 3532 969 3601 Adjelrtiv!
985 3563 1018 3572 -
1037 3533 1102 3603 queo]
1116 3533 1154 3587 ist
1165 3532 1334 3589 Ortuadverb.

178 3633 200 3675 a.
220 3620 355 3688 oraittera]
375 3621 556 3688 „unbeaehtet
567 3611 713 3675 ‘laaseu‘t‘

173 3707 254 3778 Καρ.
274 3709 321 3765 18.
357 3721 380 3764 r.
398 3711 518 3779 nataae]
533 3709 555 3778 I,
570 3711 614 3778 38,
628 3710 654 3765 4.
670 3738 705 3748 —
719 3711 753 3765 ab
767 3709 883 3779 eamme]
897 3710 993 3779 gehtrt
1006 3728 1039 3764 zu
1052 3712 1208 3780 aequaliter
1221 3711 1334 3767 desitum

101 3799 193 3867 (‚,sieh
210 3798 393 3868 gleiahmiisig
411 3799 602 3865 abdaehend“).
621 3829 656 3838 -
674 3799 748 3869 qaod
827 3799 1042 3868 aumbaauimae]
1060 3799 1122 3854 Aul.
1141 3801 1172 3855 B.

176 3898 201 3942 2.
220 3889 257 3942 ab
270 3903 301 3942 eo
313 3887 428 3956 aenae
492 3888 671 3956 maeatae]
687 3888 788 3956 „erhob
798 3888 884 3944 siah“.
895 3918 929 3934 ⁷.-
944 3889 1098 3957 aeela'ur'tua]
1113 3889 1289 3958 ‚,Naigung“.
1299 3918 1334 3931 -

102 3977 247 4045 adamarus]
271 3977 310 4031 iat
327 3975 465 4044 Adjektiv3
491 3994 521 4032 er
543 3977 581 4038 ist
603 3978 655 4032 mit
680 3977 778 4032 aeirem
795 3976 909 4046 Abhang
933 3977 992 4032 dem
1010 3978 1123 4048 Abhang
1148 3977 1194 4033 dee
1219 3979 1334 4034 anderen

102 4066 205 4136 Hdgels
229 4066 386 4136 aagewandt
407 4066 462 4120 und
486 4083 555 4122 zuar
572 4083 621 4136 so,
650 4067 709 4122 daia
736 4067 778 4121 die
800 4067 908 4122 Rauder
933 4067 990 4120 siah
1013 4067 1125 4138 parallel
1148 4068 1332 4138 (emamus)

103 4156 171 4210 sind
190 4185 224 4194 -
239 4171 343 4225 paraus
361 4155 503 4223 ducentos]
521 4156 561 4210 ist
577 4156 711 4225 abhingig
728 4173 778 4210 von
796 4160 911 4226 apertae
929 4155 1070 4223 („kabi“);
1095 4156 1186 4210 hierna
1210 4155 1276 4211 tritt
1292 4156 1333 4210 ala

102 4245 270 4315 Ortaangabe
288 4245 400 4314 trofimus
417 4245 480 4314 (agl.
494 4245 517 4313 1,
531 4245 575 4313 22,
590 4246 605 4300 1
621 4245 761 4314 maumas),
780 4245 874 4299 dassen
885 4243 1047 4313 Bedeutung
1065 4244 1148 4300 durch
1166 4244 1218 4300 den
1232 4243 1333 4314 Gegan-

103 4338 159 4390 sata
177 4335 214 4390 ab
231 4334 377 4403 amatore
392 4337 476 4403 purte
493 4334 551 4388 klur
568 4334 614 4388 ist.

175 4439 200 4482 ε.
218 4423 401 4494 ridebantur]
418 4423 457 4478 iat
473 4424 621 4478 rrirkliehea
639 4424 783 4479 Paesirum.

1078 4511 1118 4566 6*
