3134 4922
249 328 301 388 lle
740 327 779 380 De
797 327 865 380 bello
884 325 984 382 Gallico

248 490 308 554 sibi
337 489 522 570 Galliaeque
557 490 677 554 bellum
706 489 906 564 intulissent,
935 488 995 552 sibi
1026 487 1190 564 dederent,
1221 479 1472 570 responderunt:

223 596 361 679 rPopuli
383 594 519 660 Romani
542 595 711 677 imperium
734 594 883 658 Rhenum
913 593 1022 667 finire3
1052 595 1078 656 si
1109 611 1141 658 se
1171 593 1272 658 invito
1298 593 1473 658 Germanos

250 704 284 774 in
308 702 446 767 Galliam
470 702 605 766 transire
628 719 692 765 uon
716 719 855 782 aequum
886 700 1098 774 existimaret,
1131 719 1188 764 cur
1218 701 1268 764 sui
1299 701 1472 781 quicquam

224 827 318 873 resse
341 808 466 891 imperii
490 811 547 872 aut
568 808 738 890 potestatis
760 807 850 870 trans
873 807 1023 870 Rhenum
1053 807 1254 888 postularet?
1307 807 1383 872 Ubii
1420 826 1476 870 au·

248 917 331 992 tem,
362 914 416 996 qui
445 914 501 978 uni
535 932 572 977 ex
602 913 853 978 Transrhenanis
890 913 930 977 ad
960 912 1131 978 Caesarem
1160 912 1282 994 legatos
1310 914 1476 985 miserant,

250 1022 423 1086 amicitiam
446 1020 596 1096 fecerant,
620 1018 744 1084 obsides
768 1019 931 1095 dederant,
953 1037 1145 1101 magnopere
1174 1020 1323 1096 orabant,
1353 1021 1391 1083 ut
1414 1020 1475 1084 sibi

225 1128 403 1192 scurrilium
426 1126 532 1203 ferret
556 1125 640 1207 quod
665 1126 805 1207 graviter
828 1127 867 1190 ab
892 1124 1005 1190 Suebis
1029 1111 1264 1209 proruerentu13
1288 1127 1354 1201 vel,
1385 1126 1412 1189 si
1441 1127 1474 1190 id

249 1234 353 1298 facere
389 1232 646 1315 occupationibus
681 1231 871 1314 reipublicae
905 1232 1140 1314 prohiberetur,
1175 1233 1347 1296 exercitum
1378 1233 1474 1296 modo

249 1341 398 1404 Rhenum
420 1339 671 1420 transportaret:
695 1337 727 1401 id
750 1337 810 1402 sibi
834 1338 874 1402 ad
898 1338 1052 1401 auxilium
1079 1355 1231 1419 spemque
1253 1338 1370 1419 reliqui
1392 1341 1476 1402 tem-

226 1446 334 1532 rpcris
359 1446 437 1508 satis
460 1443 615 1508 loturum.
660 1444 798 1508 Tantum
824 1463 892 1508 esse
922 1462 1038 1508 ucmcn
1068 1446 1165 1525 atque
1196 1444 1375 1526 opinionem
1404 1444 1475 1508 eius

251 1551 407 1622 exereitus
431 1549 588 1614 Ariovisto
612 1551 704 1632 pulso
728 1553 761 1614 et
783 1551 842 1614 hoc
864 1550 1035 1614 novissimo
1057 1550 1175 1633 proelio
1198 1549 1282 1614 iacto
1310 1550 1409 1615 etiam
1434 1551 1475 1614 ad

251 1657 382 1721 ultimas
413 1655 645 1720 Germanorum
681 1657 841 1733 nationes,
875 1657 923 1720 uti
960 1656 1103 1739 opinione
1133 1659 1166 1720 et
1195 1657 1336 1722 amicitia
1366 1658 1475 1740 populi

226 1762 386 1827 sRomani
410 1763 473 1826 tuti
497 1781 565 1826 esse
588 1763 719 1844 possint.
765 1763 903 1827 Navium
925 1781 1076 1844 magnam
1100 1763 1222 1845 copiam
1250 1762 1290 1827 ad
1313 1765 1478 1846 transpor-

252 1869 387 1933 tandum
411 1868 583 1932 exercitum
606 1869 844 1950 pollicebantur.

199 1979 240 2040 17
342 1973 459 2038 Caesar
481 1974 531 2038 his
554 1974 593 2038 de
617 1975 739 2052 causis,
770 1993 849 2056 quas
878 1976 1137 2052 commemoravi,
1160 1975 1309 2039 Rhenum
1339 1977 1479 2040 transire

253 2081 451 2155 decreverat;
481 2081 536 2144 sed
558 2080 692 2145 navibus
716 2063 851 2146 transire
874 2100 978 2163 neque
1004 2081 1082 2145 satis
1106 2084 1213 2146 tutum
1243 2099 1313 2146 esse
1344 2081 1481 2146 arbitra-

253 2188 356 2264 batur,
379 2205 482 2268 ncque
507 2205 582 2251 suae
605 2205 707 2268 neque
731 2181 839 2270 populi
861 2188 997 2252 Romam
1021 2187 1186 2269 dignitatis
1210 2205 1279 2251 csse
1303 2189 1480 2253 statuebat,

228 2293 376 2375 altaque,
400 2294 460 2357 etsi
484 2311 610 2357 summa
634 2293 804 2358 difficultas
826 2293 962 2358 faciendi
978 2295 1083 2377 pontis
1099 2294 1333 2377 proponebatur
1348 2297 1480 2377 propter

252 2411 465 2418 -—--—-—.-—

251 2469 331 2524 aebis
345 2469 451 2524 dedite!
469 2499 502 2508 —
523 2470 621 2524 bellam
634 2469 749 2537 inferre]
767 2470 804 2524 ist
822 2487 873 2523 nur
890 2465 932 2523 bei
950 2470 1071 2524 Ltndem
1090 2487 1121 2524 zu
1139 2470 1293 2523 iibereetaen
1312 2470 1386 2536 „mit
1398 2469 1483 2538 Kriog

252 2558 442 2624 tiberziohen“;
462 2559 509 2612 wie
527 2558 621 2612 sonst?
641 2587 673 2596 -
693 2558 865 2626 respondero]
883 2557 945 2613 Anl.
963 2558 996 2613 U.

326 2660 350 2701 4,
369 2647 461 2713 finire]
480 2664 531 2700 nur
549 2648 606 2701 hier
623 2647 665 2700 bei
679 2646 760 2702 Cttsar
777 2648 832 2701 und
849 2647 916 2700 auch
931 2650 1006 2701 sonet
1021 2647 1105 2700 selten
1120 2671 1151 2689 =
1167 2647 1247 2714 fineen
1266 2663 1329 2702 esse.
1349 2677 1384 2684 —
1403 2648 1482 2716 quic-

253 2735 347 2804 quam]
366 2735 488 2788 verbindc
506 2736 557 2788 mit
575 2742 654 2790 trans
672 2735 816 2790 theoam!
835 2765 868 2776 -
887 2737 937 2792 hoc
955 2741 994 2791 est
1012 2737 1064 2790 met
1082 2735 1203 2804 imperia]
1223 2735 1293 2802 „das
1312 2735 1389 2788 steht
1401 2739 1486 2788 untor

253 2824 351 2877 meiuer
369 2824 556 2878 Herrsohaft“.

327 2926 339 2964 a
360 2930 383 2962 ιι.
405 2925 428 2967 o.
448 2911 513 2981 aad]
537 2929 558 2966 s.
577 2912 643 2983 Kap.
664 2914 689 2979 7,
706 2913 733 2967 5.
762 2943 795 2951 —-
823 2929 986 2982 magnopere
1004 2912 1135 2979 orabam]
1161 2912 1199 2966 ist
1215 2911 1426 2982 Hauptuerbum¹
1449 2942 1483 2950 -

253 3002 285 3056 td
306 3001 409 3070 socero]
433 3001 539 3055 enthtlt
561 3001 617 3054 eine
642 3000 847 3070 Wiederholung
875 3002 921 3055 des
946 3001 1075 3055 Verbums
1102 3001 1200 3068 ferret3
1229 3001 1275 3054 wir
1303 3003 1392 3054 setuen
1420 3001 1484 3054 kein

253 3089 383 3157 Verbum,
412 3089 523 3144 sondern
546 3090 681 3143 verlahren
706 3091 754 3143 wie
778 3090 820 3143 bei
840 3090 1005 3144 transeundi
1023 3089 1089 3160 Kap.
1109 3092 1139 3156 1,
1159 3091 1184 3144 2.
1214 3119 1247 3128 -—
1275 3089 1484 3158 commotiones]

255 3179 314 3232 sind
328 3179 421 3247 Dioge,
440 3179 482 3232 die
500 3178 575 3232 einen
588 3179 616 3232 in
630 3177 769 3249 Ansprueh
788 3179 906 3245 nehmen,
925 3195 979 3234 occ.
998 3179 1185 3246 reipublicae
1204 3178 1259 3232 also
1273 3181 1342 3231 etwa
1356 3177 1485 3244 „Staats-

254 3266 418 3334 gesehtite“.
438 3295 471 3304 -
497 3267 647 3334 caudium]
666 3267 732 3321 Dals
750 3267 805 3320 dics
823 3266 881 3320 hier
898 3267 940 3320 die
959 3265 1182 3336 augenbliclrliohe
1199 3265 1305 3319 Abhille
1323 3265 1484 3319 bezeichnen

254 3353 333 3420 muss,
352 3355 418 3422 geht
435 3371 482 3408 aus
501 3355 559 3410 dem
578 3355 725 3424 Gegonsata
743 3356 844 3410 hervor.
864 3385 897 3394 —
922 3354 994 3424 spes]
1013 3355 1080 3408 Eine
1097 3357 1162 3424 gute
1179 3354 1306 3408 Aussioht
1324 3355 1353 3409 in
1371 3354 1414 3408 die
1434 3355 1486 3408 Zu-

255 3442 333 3495 kunst
349 3443 388 3496 ist
405 3461 456 3497 uns
473 3445 516 3497 ein
533 3445 619 3499 Trost.

330 3543 341 3582 ι
363 3549 386 3580 ιι.
409 3542 432 3586 e.
450 3532 556 3601 opinio]
576 3535 603 3598 1)
622 3532 685 3600 „die
703 3532 837 3600 Meinung‚
856 3532 898 3585 dio
913 3532 1021 3601 jemand
1039 3532 1140 3600 hegt“;
1158 3532 1187 3597 2)
1206 3531 1271 3598 „dio
1283 3529 1421 3599 Meinung,
1442 3531 1488 3583 die

256 3636 305 3672 von
328 3619 390 3687 jem.
415 3620 513 3688 gehegt
535 3621 599 3674 wird
618 3645 653 3665 =
670 3621 737 3688 Ruf,
756 3620 909 3675 Ansehen“.
939 3651 973 3660 -
1001 3621 1061 3675 cias
1079 3619 1222 3686 exemtus]
1246 3635 1300 3672 war
1317 3619 1346 3673 in
1364 3619 1488 3672 direlrter

255 3707 327 3760 Rede
352 3708 395 3760 toi
420 3709 563 3762 mercides.
592 3739 626 3748 -
653 3709 793 3764 Ariovisto
813 3708 907 3778 palso]
936 3709 985 3762 Die
1002 3698 1185 3777 Ubersetzung
1207 3707 1277 3760 mula
1303 3708 1428 3762 stimmeu
1455 3725 1489 3760 zu

252 3796 360 3865 proelio
378 3795 455 3861 facto
472 3796 540 3850 nach
557 3796 618 3865 Anl,
632 3797 687 3864 K⁴3
702 3799 793 3868 pellor
812 3798 879 3865 „ich
897 3797 993 3851 erleide
1011 3798 1068 3851 cine
1082 3797 1267 3865 Niederlage“.
1287 3825 1321 3836 -
1341 3803 1394 3852 turi
1413 3799 1489 3851 omi·

257 3885 327 3938 ca'tid
344 3889 424 3939 tatus
441 3885 513 3952 som]
538 3886 634 3952 „deine
652 3886 845 3941 Frsundseheft
868 3887 988 3954 gewbhrt
1006 3887 1057 3939 mir
1074 3885 1250 3941 Sichcrhsit“.
1279 3915 1314 3926 -
1338 3887 1488 3956 pollicere]

257 3973 336 4040 „sich
354 3990 387 4026 au
404 3975 486 4026 etwas
504 3975 628 4041 erbieten,
648 3977 729 4028 etwas
747 3975 877 4041 anbieten,
896 3975 924 4028 in
942 3975 1070 4028 hussieht
1088 3975 1212 4029 stellen“.

282 4099 285 4106 ι
327 4059 405 4130 Kap.
425 4064 471 4116 17.
513 4075 533 4116 r.
561 4079 631 4130 qaae
650 4062 865 4130 commemoravi]
888 4062 949 4116 Anl.
968 4063 999 4118 B.
1028 4092 1061 4101 —
1089 4063 1139 4117 boe
1157 4078 1232 4118 meac
1254 4062 1411 4132 dipoitata's
1426 4080 1492 4120 non

257 4150 309 4217 cst]
328 4149 406 4216 „dies
424 4153 545 4219 vcrtriigt
563 4151 618 4204 sich
636 4151 711 4204 nicht
727 4151 779 4206 mit
796 4151 893 4206 meiner
910 4151 1040 4206 Wdrde“.

282 4286 288 4290 .
331 4249 354 4292 a.
373 4239 478 4308 itaque]
501 4239 590 4293 ziehen
608 4240 656 4294 wir
679 4240 707 4294 in
725 4240 772 4294 dor
789 4239 871 4308 Regel
893 4241 920 4294 in
940 4241 990 4294 den
1008 4240 1165 4294 Nebensata.
1193 4255 1230 4278 -·
1255 4241 1374 4308 mora]
1398 4241 1493 4312 pridi-

257 4327 331 4380 kstiv
349 4345 381 4380 au
395 4329 603 4396 prepotestatem
620 4329 711 4395 („sich
729 4329 910 4394 daretellte“).
931 4358 964 4368 -
982 4329 1110 4395 faciendi
1127 4329 1232 4397 pontis]
1251 4330 1338 4383 libers.
1357 4330 1491 4384 substan·
