3136 4928
267 369 321 432 31⁰
770 371 810 424 De
828 371 897 426 bello
915 369 1015 426 Gallico

268 552 332 615 qua
355 553 392 598 ex
415 534 505 616 parte
528 533 653 596 nostros
676 533 777 615 premi
800 533 1040 610 intellexerant,
1069 532 1122 606 his
1152 532 1268 597 auxilio
1299 551 1336 597 ex
1364 533 1487 597 ulterio-

267 641 356 704 ribus
380 639 519 704 castellis
543 639 695 704 deductos
719 639 961 704 submittebant.

213 749 256 810 82
356 747 443 810 Dum
467 747 591 828 longius
616 747 656 811 ab
685 746 862 811 munitione
893 747 1027 810 aberant
1057 745 1157 823 Galli,
1186 746 1259 829 plus
1289 746 1488 810 multitudine

267 854 405 918 telorum
428 853 648 936 proficiebaut;
685 855 895 935 posteaquam
929 853 1059 937 propius
1095 856 1333 930 successerunt,
1368 857 1425 918 aut
1459 873 1487 918 se

268 961 408 1026 stimulis
438 961 639 1043 inopinantes
669 959 846 1026 induebant
876 962 933 1024 aut
961 960 995 1024 in
1025 961 1150 1024 scrobes
1180 959 1279 1024 delati
1308 960 1489 1024 transfodie-

266 1069 386 1132 bantur
410 1069 466 1132 aut
490 1086 527 1132 ex
550 1068 632 1131 vallo
658 1085 694 1132 ac
717 1068 859 1132 turribus
883 1066 1009 1132 traiecti
1024 1067 1097 1149 pilis
1114 1066 1291 1131 muralibus
1311 1067 1487 1132 interibant.

241 1175 378 1239 aMultis
402 1174 541 1256 undique
557 1174 740 1238 vulneribus
764 1173 902 1256 acceptis
925 1174 1015 1237 nulla
1037 1174 1213 1238 munitione
1236 1176 1398 1257 perrupta,
1422 1193 1488 1238 curn

265 1283 321 1346 lux
345 1283 524 1365 appeteret,
555 1280 662 1357 veriti,
692 1298 732 1344 ne
760 1280 799 1344 ab
826 1281 926 1345 latere
951 1283 1059 1363 aperto
1083 1299 1120 1344 ex
1144 1281 1359 1364 superioribus
1382 1281 1487 1346 castris

241 1389 431 1472 aeruptioue
455 1387 767 1464 circumvenirentur,
791 1405 825 1452 se
850 1387 889 1452 ad
914 1406 987 1451 suos
1010 1389 1207 1470 receperunt.
1253 1390 1298 1451 At
1320 1388 1487 1462 interiores,

267 1494 345 1559 dum
369 1512 415 1570 ea,
439 1513 519 1576 quae
544 1512 563 1558 a
586 1493 846 1575 Vercingetorige
875 1494 915 1558 ad
947 1496 1146 1577 eruptionem
1175 1497 1367 1577 praeparata
1396 1497 1486 1570 erant

241 1601 438 1684 aproferunt
461 1601 581 1684 priores
604 1600 707 1665 fossas
732 1601 867 1684 explent,
891 1600 1011 1665 diutius
1034 1602 1068 1665 in
1090 1601 1140 1666 his
1156 1602 1252 1665 rebus
1270 1601 1488 1665 administran-

267 1708 315 1773 dis
339 1708 455 1773 morati
477 1708 565 1791 prius
590 1726 664 1772 suos
688 1707 871 1772 discessisse
895 1711 1119 1790 cognoverunt,
1144 1727 1242 1790 quarn
1265 1708 1486 1772 munitionibus

267 1815 566 1898 appropinquarent.
611 1815 664 1906 lta
682 1826 719 1879 're
743 1814 861 1879 iniecta
883 1815 917 1878 iu
941 1815 1091 1899 oppidum
1113 1816 1323 1879 reverterunt.

213 1923 255 1984 83
356 1922 412 1986 Bis
442 1939 558 2003 magno
588 1941 662 1986 cum
689 1921 882 1986 detrimento
904 1923 1025 2004 repulsi
1048 1921 1147 1998 Galli,
1179 1922 1255 2003 quid
1278 1923 1394 2004 agant,
1422 1941 1486 1986 cou-

268 2029 395 2102 sulunt;
423 2028 566 2092 locorum
593 2027 712 2111 peritos
743 2027 910 2094 adhibent:
942 2047 979 2092 ex
1007 2028 1057 2092 his
1088 2028 1286 2111 superiorum
1316 2031 1484 2094 castrorum

244 2135 350 2200 esitus
385 2135 639 2216 munitionesque
674 2137 876 2217 cognoscunt.
925 2135 1005 2200 Erat
1039 2154 1058 2199 a
1093 2136 1360 2218 septentrionibus
1396 2136 1484 2210 collis,

270 2260 365 2323 quern
388 2244 519 2324 propter
541 2235 804 2324 magnitudinem
818 2242 968 2307 circuitus
996 2261 1089 2325 opere
1113 2242 1331 2325 circumplecti
1353 2261 1415 2308 non
1436 2261 1485 2324 po·

268 2350 398 2413 tuerent
431 2349 552 2414 nostri:
587 2349 765 2414 necessario
799 2367 899 2431 paene
928 2349 1037 2430 iniquo
1066 2351 1134 2414 loco
1165 2351 1197 2414 et
1230 2350 1346 2414 leniter
1381 2349 1484 2414 declivi
1545 2375 1546 2445 1

219 2456 374 2521 Ὺ11111111
404 2456 553 2521 fecerant.
599 2455 687 2520 Haec
718 2455 818 2521 Gaius
848 2455 1006 2520 Antistius
1035 2457 1194 2542 Reginus·
1208 2460 1241 2521 et
1270 2455 1372 2521 Gaius
1400 2456 1485 2523 Oani-

242 2563 339 2628 rnius
363 2563 494 2628 Rebilus
524 2562 623 2644 legati
654 2581 727 2627 cum
750 2563 874 2628 duabus
902 2562 1079 2644 legionibus
1109 2564 1303 2628 obtinebant.
1350 2563 1483 2646 Cognitis
1544 2643 1545 2648 1

266 2689 323 2754 per
347 2671 557 2753 exploratores
582 2671 761 2751 regionibus
785 2669 882 2735 duces
905 2670 1046 2733 hostium
1069 2669 1126 2733 LX
1153 2671 1241 2734 milia
1265 2690 1303 2734 ex
1326 2672 1411 2736 omui
1431 2691 1485 2734 nu·
1544 2655 1545 2707 l

266 2796 354 2842 mero
377 2777 521 2858 deligunt
544 2794 654 2841 earum
677 2776 852 2852 civitatum,
876 2795 957 2856 quae
973 2777 1145 2841 maximam
1160 2777 1289 2842 virtutis
1314 2778 1483 2862 opinionem

340 2985 363 3026 s.
387 2989 443 3042 quo
461 2987 495 3025 arc
508 2969 604 3040 parte]
628 2993 662 3013 =
681 2970 706 3024 si
723 2986 779 3038 qua
798 2986 831 3024 ex
845 2975 936 3040 parte.
962 3001 996 3009 -
1021 2970 1163 3041 deductos]
1187 2971 1254 3025 uach
1272 2970 1335 3027 Aul.
1354 2971 1408 3041 G²;
1432 2971 1482 3026 dass

266 3061 309 3115 die
333 3061 560 3129 herangezogenen
584 3045 715 3129 Truppen'
730 3059 827 3128 bergab
855 3059 1029 3115 maracbieren
1056 3059 1185 3126 mufsten,
1213 3061 1317 3115 lxdnnen
1344 3063 1391 3116 wir
1416 3062 1482 3116 nicht

266 3151 341 3205 recht
359 3150 497 3204 audentea.
1542 3139 1543 3231 1

337 3237 416 3307 Kap.
435 3237 481 3296 82.
523 3250 573 3292 111.
591 3249 613 3292 a.
632 3254 659 3292 ee
739 3237 905 3305 induebant]
924 3237 990 3309 Kap.
1006 3239 1049 3305 73,
1063 3238 1089 3292 4.
1109 3265 1142 3276 -
1160 3238 1287 3307 interire]
1307 3241 1417 3306 ‚‚seinen
1433 3238 1481 3292 Tod

265 3329 383 3384 finden“.
408 3357 442 3366 —
467 3329 547 3382 nullu
565 3327 719 3381 munitione
737 3326 884 3396 perrupta]
908 3327 960 3395 vgl.
979 3325 1040 3381 Aul.
1058 3325 1109 3382 11⁸.
1133 3357 1166 3368 -
1192 3344 1254 3381 cum
1273 3329 1323 3384 lure
1340 3328 1481 3400 appeteret]

265 3417 329 3471 Dies
347 3416 462 3470 Verbum
486 3417 560 3470 steht
581 3416 662 3470 litters
685 3415 837 3469 intransitiv
860 3433 917 3469 vom
937 3415 1112 3472 Heraunahau
1133 3416 1204 3470 eines
1223 3417 1402 3488 Zeitpunlxtes.
1436 3417 1482 3470 rur

266 3505 307 3559 die
326 3495 508 3574 Ubersetzung
525 3504 661 3576 empfiehlt
682 3521 710 3558 es
734 3502 801 3571 sich,
827 3508 903 3559 einen
927 3505 989 3559 oder
1012 3506 1073 3559 zwei
1096 3505 1143 3559 dar
1160 3505 1326 3560 Nebenaiitae
1344 3508 1372 3562 in
1389 3507 1481 3576 Haupt

265 3595 337 3649 sitae
356 3611 389 3647 zu
406 3594 577 3648 rerwaudeln.
1540 3641 1541 3648 ,

338 3696 391 3738 tu.
407 3695 431 3737 4,
450 3683 605 3753 interiores]
625 3683 679 3737 also
694 3683 735 3736 die
749 3683 913 3751 Belagertau.
932 3709 966 3720 -
981 3682 1090 3751 priores
1107 3683 1208 3752 scaeua]
1227 3684 1277 3738 Die
1291 3686 1354 3740 zuei
1367 3685 1481 3740 vorderan

265 3789 315 3826 von
333 3772 383 3826 den
402 3771 458 3825 drei
476 3769 588 3839 (11111111,
607 3772 702 3826 welche
720 3771 788 3825 nach
806 3771 872 3842 Kap.
893 3773 926 3827 72
944 3772 1002 3826 hier
1019 3789 1133 3842 gezogen
1150 3790 1245 3828 waren.
1266 3803 1300 3813 —
1319 3775 1428 3830 diutius
1539 3821 1540 3840 1

264 3861 376 3930 morato]
401 3860 443 3914 Sia
467 3860 558 3915 hulten
583 3860 638 3915 sich
661 3860 761 3914 hierbei
786 3877 818 3913 zu
841 3862 918 3929 lange
941 3861 998 3928 aui3
1023 3862 1055 3915 in
1076 3863 1120 3918 bia
1142 3861 1222 3918 rebus
1245 3859 1480 3927 administrandis]
1539 3867 1540 3870 ’

263 3951 399 4005 iibersetae
417 3950 467 4002 mit
485 3949 619 4004 thnlioher
636 3949 722 4005 Kiirze
740 3949 787 4003 wie
806 3948 867 4003 Aul.
886 3948 939 4002 11⁵!

335 4037 413 4107 Kap.
433 4037 479 4094 83.
520 4050 541 4092 1.
566 4053 645 4106 opere
664 4038 861 4107 circumplecti]
888 4053 975 4106 „ganz
998 4039 1026 4092 in
1049 4039 1091 4093 die
1109 4040 1200 4094 Linien
1223 4040 1479 4096 1111111111-
1538 4105 1539 4108 ¹

264 4128 321 4184 loco
386 4128 485 4181 leniter
499 4126 610 4194 declivi]
628 4127 683 4181 Der
696 4126 836 4194 Umstand,
855 4126 914 4180 dala
928 4126 984 4180 dies
997 4127 1081 4196 Lager
1094 4129 1173 4182 nicht*
1182 4128 1225 4183 die
1239 4129 1317 4185 tha
1331 4131 1377 4185 des
1389 4128 1478 4198 Higels
1538 4165 1539 4180 .

263 4216 441 4283 beherrschto‚
460 4216 572 4270 sondern
590 4221 624 4269 a'n
638 4216 710 4269 einer
724 4216 795 4269 sunit
808 4216 947 4284 geneigten
961 4215 1050 4282 Stella,
1069 4217 1124 4271 also
1142 4234 1176 4272 an
1194 4219 1278 4274 einern
1293 4219 1419 4289 Abhange
1434 4219 1477 4284 lag,

263 4322 317 4360 war
334 4306 381 4360 der
400 4303 501 4372 (hund,
520 4322 617 4358 warum
635 4304 677 4359 die
696 4303 796 4359 Gallier
813 4305 888 4360 ihren
906 4304 1012 4374 Angriff
1027 4306 1122 4374 gerade
1139 4307 1245 4362 hierher
1263 4309 1403 4363 richtetau.

335 4407 430 4450 4111.
453 4394 510 4448 LX
528 4394 618 4462 milia]
643 4393 765 4448 verbinde
789 4394 840 4448 mit
864 4410 960 4448 aarum
981 4395 1144 4450 civitatum!
1169 4425 1202 4436 —
1227 4398 1397 4466 opinionem]
1420 4397 1476 4466 Kap.
