3172 4922
235 361 272 422 42
729 362 769 416 De
787 363 855 416 bello
874 359 973 416 Gallico

238 543 336 606 quam
366 523 506 607 primum
535 523 718 605 intellegere
748 525 871 606 posset,
894 525 1004 588 utrum
1036 523 1121 606 apud
1152 541 1204 587 eos
1234 523 1336 606 pudor
1367 525 1466 604 atque

196 650 226 692 ιι
239 629 377 695 officium
394 649 434 694 au
451 630 547 695 timor
562 631 694 694 valeret.
729 629 821 709 Quod
837 630 864 693 si
880 631 1045 713 praeterea
1060 648 1153 694 nemo
1171 632 1339 711 sequatur,
1355 631 1465 694 tamen

238 755 272 802 se
296 756 369 802 cum
393 738 460 802 sola
483 737 605 802 decima
628 737 750 818 legione
773 737 904 813 iturum,
928 735 966 799 de
984 755 1047 818 qua
1066 755 1130 800 non
1146 735 1316 813 dubitaret,
1340 736 1467 816 sibique

238 861 310 908 eam
332 843 525 926 praetoriam
549 844 710 908 cohortem
733 842 885 906 futuram.
923 841 1008 906 Huic
1030 842 1147 923 legioni
1163 842 1281 908 Caesar
1304 843 1337 906 et
1360 842 1466 906 indul-

238 951 325 1015 serat
346 950 514 1033 praecipue
539 951 571 1014 et
593 951 721 1032 propter
744 949 897 1012 virtutem
921 947 1098 1013 confidebat
1120 949 1265 1013 maxime.

181 1060 226 1120 41
327 1056 396 1120 Hac
419 1056 560 1120 oratione
584 1055 694 1121 habita
709 1055 828 1119 mirum
843 1055 877 1118 iu
892 1054 1023 1119 modum
1039 1073 1211 1120 conversae
1228 1056 1305 1119 sunt
1320 1055 1465 1119 omnium

237 1165 372 1242 mentes,
395 1181 586 1244 summaque
611 1163 758 1226 alacritas
782 1164 815 1226 et
838 1161 994 1244 cupiditas
1017 1162 1093 1226 belli
1116 1162 1245 1243 gerendi
1264 1162 1383 1226 iniecta
1406 1164 1467 1240 est,

213 1269 446 1353 ²Prinoepsque
477 1269 599 1333 decima
629 1269 711 1350 legio
745 1287 802 1352 per
832 1269 976 1333 tribunos
1004 1268 1146 1332 militum
1177 1269 1206 1333 ei
1235 1269 1355 1350 gratias
1387 1271 1465 1351 egit,

237 1375 323 1456 quod
347 1375 384 1439 de
409 1394 442 1439 se
467 1375 623 1457 optimum
644 1375 797 1439 iudicium
820 1374 964 1452 fecisset,
988 1393 1085 1457 seque
1109 1393 1178 1439 esse
1203 1375 1241 1438 ad
1264 1375 1387 1439 bellum
1411 1395 1466 1457 ge·

213 1481 373 1546 erendum
396 1481 633 1565 paratissimam
656 1481 861 1546 confirmarit.
906 1482 1029 1546 Deinde
1056 1482 1197 1563 reliquae
1227 1480 1366 1563 legiones
1391 1501 1467 1546 cum
1578 1521 1579 1524 =

237 1587 374 1652 tribunis
396 1588 537 1652 militum
561 1589 594 1652 et
615 1589 791 1671 primorum
814 1589 961 1652 ordinum
985 1589 1222 1653 centurionibus
1250 1591 1393 1670 egerunt,
1416 1589 1467 1652 uti

239 1693 367 1760 Caesari
397 1694 633 1759 satisfacerent:
664 1713 697 1759 se
728 1713 786 1759 nec
815 1713 970 1776 umquam
993 1695 1155 1760 dubitasse
1184 1713 1287 1777 neque
1317 1696 1468 1760 timuisse
1578 1753 1579 1786 3

238 1819 341 1882 neque
366 1801 404 1865 de
428 1819 554 1866 summa
577 1801 652 1865 belli
675 1820 771 1866 suum
793 1801 955 1879 iudicium,
979 1801 1034 1866 sed
1055 1801 1255 1884 imperatoris
1272 1821 1341 1866 esse
1358 1802 1467 1866 eristi·

212 1907 384 1972 amavisse.
421 1908 541 1972 Eorum
565 1908 779 1972 satisfactione
804 1909 933 1991 accepta
957 1910 990 1973 et
1011 1907 1125 1972 itinere
1149 1908 1305 1989 exquisito
1328 1927 1386 1991 per
1408 1908 1466 1972 Di-

200 2069 202 2074 .
238 2013 402 2092 viniacum,
426 2014 510 2096 quod
534 2033 571 2079 ex
594 2013 695 2079 Gallis
720 2015 749 2079 ei
771 2016 945 2080 maximam
967 2015 1063 2080 fidem
1092 2016 1247 2092 habebat,
1274 2018 1312 2078 ut
1338 2015 1466 2080 milium
1578 2045 1579 2048 ¹

239 2120 377 2204 amplius
402 2121 633 2203 quinquaginta
656 2122 791 2186 circuitu
813 2122 890 2186 locis
915 2122 1032 2204 apertis
1057 2121 1230 2186 exercitum
1254 2121 1401 2199 duceret,
1426 2121 1466 2186 de
1578 2129 1579 2134 ’

213 2229 355 2308 aquaria
378 2227 495 2309 vigilia,
519 2229 557 2291 ut
580 2227 711 2305 dixerat,
734 2228 895 2311 profectus
927 2230 984 2292 est.
1031 2227 1173 2311 Septimo
1204 2227 1267 2305 die,
1298 2247 1372 2292 cum
1404 2229 1467 2292 iter
1578 2241 1579 2244 ’

238 2351 303 2397 non
332 2333 573 2412 intermitteret,
604 2336 643 2398 ab
677 2336 925 2418 exploratoribus
956 2335 1070 2399 certior
1099 2334 1205 2399 factus
1237 2337 1286 2399 est
1314 2335 1467 2399 Ariovisti

240 2441 345 2523 copias
369 2458 388 2504 a
411 2441 530 2505 nostris
553 2441 682 2505 milibus
706 2459 861 2524 passuum
885 2443 1037 2526 quattuor
1061 2443 1094 2505 et
1116 2427 1177 2504 XX
1201 2443 1320 2507 abesse.

237 2617 371 2686 primm]
389 2617 432 2670 Da
446 2617 572 2685 primam
589 2616 739 2688 Superlativ
756 2621 799 2685 (zu
818 2618 891 2683 mou)
908 2618 959 2685 ist,
984 2633 1012 2671 so
1037 2617 1075 2671 ist
1099 2617 1141 2670 die
1163 2617 1393 2672 Ansdruolrsweise
1418 2619 1466 2671 wie

237 2705 305 2775 Kap.
325 2707 368 2774 37,
387 2706 405 2761 5
423 2723 506 2775 quam
525 2706 669 2760 celerrime.
688 2735 721 2744 —
736 2707 844 2776 pudor]
862 2706 928 2776 Kap.
947 2707 991 2773 39,
1010 2707 1035 2760 3.
1055 2735 1087 2742 -
1109 2707 1243 2774 officium]
1262 2707 1319 2760 hier
1339 2707 1467 2774 „Pflicht

238 2795 357 2864 geffihl“.
377 2824 411 2833 —
430 2795 518 2863 66166]
537 2795 598 2851 wir:
619 2795 682 2862 „ioh
700 2797 801 2864 golte“.
1045 2821 1047 2825 v

315 2897 354 2938 16.
364 2885 481 2953 quodsi]
489 2885 556 2955 Kap.
565 2885 607 2952 14,
616 2885 641 2939 3.
654 2913 685 2923 -
694 2886 842 2954 praetoria
850 2885 955 2951 coboea]
965 2884 1158 2953 „Ieibgardc“.
1170 2911 1200 2922 -
1212 2885 1358 2954 iadalqcrc
1366 2879 1465 2956 alioci}
1578 2903 1579 2952 ξ

240 2975 303 3043 „dir
310 2974 371 3043 jem.
382 2974 565 3029 eineVorliebe
574 2974 694 3041 haben“;
705 2974 798 3028 aheneo
807 2974 867 3042 gieb
878 2974 1012 3041 confidere
1023 2974 1105 3027 durch
1114 2974 1170 3026 eine
1177 2973 1288 3026 Phrase!
1299 2974 1351 3042 vgl.
1360 2974 1421 3027 Aul.
1431 2973 1464 3026 U.

310 3063 388 3132 Kap.
408 3061 458 3120 41.
500 3076 521 3118 1.
540 3064 593 3118 bac
618 3063 744 3118 oratioue
762 3063 873 3130 habita]
891 3062 951 3117 Aul.
971 3062 1003 3116 Κ.
1024 3091 1056 3100 -
1076 3063 1187 3131 aliquid
1206 3062 1388 3129 conuertitur]
1416 3077 1466 3130 „es

239 3152 345 3220 schl‘agt
361 3155 443 3205 etwas
461 3153 535 3207 um“.
560 3179 594 3190 -
619 3153 741 3206 camiaco
759 3152 871 3219 mentes]
892 3151 955 3218 „die
973 3151 1127 3220 allgemeine
1145 3151 1325 3219 Stimmung“.
1345 3179 1379 3190 —
1405 3151 1466 3204 ala-

240 3241 328 3296 critas
346 3255 354 3294 .·
368 3280 394 3294 ..
413 3241 540 3308 indatur]
561 3239 751 3309 „Freudiglreit
831 3240 911 3308 grcift
929 3240 1018 3308 Plato,
1041 3239 1185 3294 erwacht“.
1204 3269 1240 3278 —-
1259 3239 1322 3294 belli
1338 3238 1467 3309 peranda]

238 3352 274 3375 --
288 3329 448 3398 pugnandi.

314 3428 336 3470 2.
352 3417 494 3486 prinecps]
513 3417 579 3486 Kap.
599 3419 642 3484 12,
662 3418 686 3472 6.
706 3445 740 3456 -
757 3417 868 3487 quatias
886 3417 977 3487 apere]
1002 3418 1100 3485 „Danlr
1118 3418 1255 3471 abstatten
1273 3416 1412 3483 (lassen)“.
1432 3445 1467 3456 -

239 3505 373 3576 optimum
399 3505 537 3560 indiction
563 3503 640 3577 fecit]
669 3523 719 3574 „er
745 3507 794 3560 hat
821 3507 863 3560 ein
888 3507 949 3560 sehr
972 3507 1059 3574 (oderz
1088 3508 1126 3573 so)
1151 3507 1289 3575 gdnstigcs
1313 3506 1401 3560 Urtcil
1423 3522 1468 3575 ge-
1578 3523 1579 3568 l

237 3595 329 3650 fello&
349 3625 383 3633 —
403 3595 576 3661 confirmare]
594 3594 661 3664 Kap.
681 3595 706 3662 3,
726 3596 750 3649 1.

313 3696 336 3738 a.
350 3682 511 3749 satisfacere
525 3683 624 3751 alicui]
641 3683 807 3753 „jcmmdem
818 3683 1016 3754 Genugthuung
1029 3685 1155 3752 leistcn“‚
1171 3683 1302 3751 „Abbitte
1317 3684 1415 3740 thun“.
1431 3715 1467 3724 -

240 3772 381 3828 dubitasse
453 3772 586 3840 narcisse]
604 3773 681 3827 Bilde
694 3773 812 3828 Phrascn
829 3775 880 3828 mit
899 3775 1040 3843 „hegen“!
1061 3804 1094 3813 —
1113 3791 1219 3828 marma
1240 3775 1314 3841 bella]
1339 3773 1468 3842 „Kriegs-

238 3862 373 3930 loitung“.
392 3892 426 3900 -
445 3879 533 3917 mcum
551 3867 590 3916 cst
608 3863 758 3932 iudicium]
779 3863 843 3931 „die
861 3863 1060 3931 Entscbeidung
1079 3864 1154 3917 steht
1171 3864 1222 3916 mir
1241 3864 1304 3917 zu“.

241 3963 244 3971 '
312 3963 336 4004 4.
356 3950 550 4016 eatiescotioow
564 3952 688 4021 accepta]
707 3953 762 4007 ldae
775 3953 822 4006 auf
833 3953 900 4006 nach
914 3951 974 4007 dul.
988 3951 1040 4019 12⁸3
1059 3953 1160 4006 itincre
1174 3953 1309 4022 acquisito
1323 3952 1391 4006 nach
1403 3949 1466 4006 Anl.

239 4037 291 4094 12²!
312 4067 346 4078 -
365 4040 419 4095 iter
436 4041 587 4110 exquirere,
605 4046 638 4094 ut
656 4041 704 4110 ...]
725 4041 819 4109 „solch
837 4042 912 4095 einen
931 4041 998 4111 Weg
1016 4041 1147 4110 ausfiudig
1166 4042 1274 4095 macheu
1292 4043 1388 4108 lassen,
1407 4041 1468 4095 dafs

239 4121 309 4184 .‘..“.
329 4157 363 4167 -
381 4129 461 4196 fidem
474 4129 582 4198 babere]
601 4129 667 4200 Kap.
684 4131 726 4197 19,
744 4131 770 4185 3.
790 4158 824 4168 -
843 4131 976 4199 armatu]
997 4131 1069 4198 „mit
1082 4132 1166 4185 ciuem
1179 4131 1331 4199 Umwege“.
1351 4161 1386 4169 -
1405 4133 1467 4186 loca

238 4219 350 4288 operta]
370 4219 467 4286 „troies
484 4218 579 4273 Feld“.

313 4320 336 4361 1,
355 4307 410 4361 iter
427 4325 485 4363 aaa
502 4308 696 4376 intaminare]
714 4309 832 4363 Benutze
846 4309 893 4362 das
907 4308 1011 4364 Adverb
1032 4309 1317 4378 ,‚uuuuterbrochen“!
1337 4309 1389 4378 vgl.
1404 4308 1467 4364 Aul.

239 4395 269 4452 G.
289 4426 323 4435 —
342 4414 362 4450 c
379 4398 492 4465 11631116]
511 4396 592 4452 Cesar
611 4399 672 4466 sagt
690 4398 728 4452 oft
745 4398 844 4468 663111,
862 4415 902 4453 wo
920 4399 968 4454 wir
985 4415 1036 4454 cca
1054 4403 1190 4454 erwarten.
