3172 4922
565 385 662 441 Comm.
681 386 716 453 Π,
736 403 757 440 e.
777 386 855 441 5-8.
1289 387 1321 446 61

86 565 147 630 spe
171 546 369 611 defensionis
400 547 543 612 studium
565 547 786 631 propugnandi
809 548 958 625 aeoessit,
987 550 1019 612 et
1041 549 1188 614 hostibus
1213 549 1324 614 eadem

91 653 130 717 de
161 672 264 718 eausa
295 672 367 737 spes
395 653 542 736 potiundi
573 655 680 737 oppidi
710 654 865 718 discessit.
909 655 1025 736 Itaque
1053 656 1215 738 paulisper
1238 655 1349 738 apuda

88 759 249 843 oppidum
272 760 390 824 morati
414 778 571 842 agrosque
596 761 771 825 Remorum
795 760 978 844 depopulati
1001 761 1146 825 omnibus
1170 762 1247 826 vieis
1271 780 1324 826 ae-

88 865 287 948 dificiisque,
322 884 384 947 quo
408 865 494 930 adire
518 868 704 950 potuerant,
733 867 870 931 incensis
895 867 935 930 ad
959 868 1064 932 eastra
1087 866 1232 932 Caesaris
1257 887 1324 933 om-

92 973 188 1037 nibus
220 973 319 1055 oopiis
349 973 582 1037 eontenderunt
612 975 644 1038 et
669 974 708 1038 ab
731 974 860 1037 milibus
889 992 1046 1056 passuum
1068 975 1175 1038 minus
1199 974 1322 1039 duobus

87 1080 201 1143 eastra
224 1081 417 1161 posuerunt3
443 1098 524 1160 quae
549 1082 665 1157 eastra,
688 1081 727 1144 ut
748 1079 837 1144 fumo
854 1081 951 1161 atque
975 1081 1101 1161 ignibus
1125 1080 1347 1162 signifieaba-r

90 1187 156 1262 tur,
181 1186 321 1268 amplius
343 1186 473 1250 milibus
496 1204 650 1269 passuum
675 1188 744 1252 ooto
768 1187 802 1249 in
824 1186 1029 1250 latitudinem
1051 1188 1212 1270 patebant.

161 1291 282 1357 Caesar
316 1293 418 1376 primo
454 1295 486 1356 et
519 1294 648 1376 propter
681 1293 924 1358 multitudinem
957 1293 1098 1358 hostium
1133 1296 1166 1358 et
1193 1296 1353 1377 propterss

87 1399 244 1463 eximiam
274 1399 452 1482 opinionem
482 1400 611 1464 virtutis
647 1400 765 1483 proelio
802 1399 1008 1483 supersedere
1044 1401 1174 1478 statuit,
1209 1400 1347 1466 ootidiea

90 1507 203 1569 tamen
234 1506 436 1587 equestribus
467 1507 610 1589 proeliis,
649 1506 725 1588 quid
754 1507 856 1570 hostis
887 1507 1006 1570 virtute
1035 1510 1145 1589 posset
1179 1508 1212 1571 et
1247 1507 1321 1590 quid

92 1613 196 1676 nostri
220 1612 393 1690 auderent,
419 1613 670 1696 periclitabatur.
717 1613 781 1678 Ubi
809 1615 935 1677 nostros
965 1630 1028 1676 non
1059 1631 1127 1677 esse
1157 1613 1347 1679 inferioresa

91 1719 259 1796 intellexit,
284 1719 353 1783 loeo
376 1739 432 1802 pro
456 1720 569 1784 eastris
587 1720 627 1784 ad
644 1721 744 1784 aeiem
768 1719 989 1784 instruendam
1011 1721 1129 1784 natura
1145 1723 1322 1802 opportuno

89 1826 190 1906 atque
213 1825 329 1890 idoneo
358 1825 456 1908 (quod
479 1827 506 1890 is
530 1826 635 1904 oollis,
668 1827 724 1890 ubi
747 1829 854 1890 eastra
886 1826 990 1908 posita
1020 1827 1126 1904 erant,
1154 1827 1324 1909 paululum

87 1949 129 1995 ex
149 1933 290 2015 planieie
316 1932 419 1996 editus
443 1935 569 1997 tantum
594 1933 747 1997 adversus
771 1933 804 1996 in
827 1933 1033 1996 latitudinem
1054 1934 1198 2016 patebat,
1223 1953 1323 2016 quan-

91 2039 159 2103 tum
181 2039 245 2104 loei
271 2038 357 2102 aeies
379 2039 537 2103 instructa
557 2058 710 2123 oeeupare
733 2040 868 2123 poterat,
892 2041 988 2121 atque
1013 2057 1050 2104 er
1072 2041 1209 2122 utraque
1232 2043 1322 2124 parte

89 2305 185 2359 saits“.
212 2335 248 2344 -
279 2302 412 2371 defensio]
439 2303 605 2372 „Abwehr“.
632 2335 665 2344 -
691 2305 817 2359 studium
904 2304 1029 2372 accessit]
1053 2305 1138 2359 Wenn
1162 2305 1233 2360 Elfer
1256 2307 1323 2361 noch

90 2393 171 2447 dazu
190 2395 304 2460 lrommt,
324 2393 391 2446 daun
411 2395 544 2448 wdehst
562 2394 608 2448 der
622 2394 807 2465 urspringlieh
822 2394 993 2448 verbandene.
1015 2424 1048 2433 -
1063 2395 1200 2463 potiuudu'
1212 2394 1322 2464 oppidu]

91 2481 157 2535 istst
175 2483 273 2536 darauf
290 2481 437 2550 sehlielsen,
458 2482 515 2538 dass
533 2501 594 2537 man
619 2483 708 2536 friiher
732 2484 799 2537 aneh
823 2483 958 2552 oppidum
976 2483 1066 2552 potiri
1089 2487 1184 2552 gesagt
1206 2483 1262 2538 hat.
1288 2514 1321 2522 —

90 2571 239 2639 discedere]
258 2572 318 2624 hier
337 2572 536 2639 „sehwindou“.

166 2682 189 2723 a.
208 2669 313 2724 morati
395 2669 792 2739 depopulati]neehAnl.F1.
812 2699 845 2708 -
861 2671 1021 2738 paulisper]
1040 2671 1098 2724 Wir
1115 2673 1207 2725 setzen
1226 2671 1321 2738 „nur“

89 2757 186 2822 hinzu;
205 2757 258 2826 vgl.
278 2758 301 2824 I,
321 2758 346 2824 6,
366 2758 390 2811 1.
410 2787 443 2797 -
462 2758 531 2823 dieis
549 2757 738 2826 aedificiisque
757 2759 789 2825 (I,
808 2758 834 2826 5,
853 2759 880 2824 2)
899 2759 1030 2826 iueeusake]
1049 2759 1115 2813 naoh
1133 2757 1254 2824 An1.L²;
1275 2759 1322 2812 das

94 2863 142 2899 aus
161 2847 265 2900 morati
284 2849 464 2900 entnommene
490 2846 662 2914 ,‚naehdem“
691 2847 789 2916 regiert
814 2848 945 2901 natiirlioh
969 2848 1066 2901 weiter.
1093 2876 1126 2886 -
1150 2849 1186 2902 ab
1210 2848 1323 2902 milibus

88 2952 228 3004 passuum
245 2935 339 2990 miuus
358 2936 475 3003 duobus]
494 2936 529 2990 ub
548 2936 598 2989 rnit
616 2935 677 2990 Abl.
696 2935 742 2990 des
761 2935 858 2990 Malses
877 2960 912 2980 =
931 2937 982 3004 „in
1000 2936 1071 2989 einer
1088 2936 1255 3004 Entfernung
1272 2953 1322 2990 von

88 3024 218 3091 (weniger
236 3023 287 3078 als
306 3026 352 3090 =)
369 3025 444 3078 nieht
461 3042 527 3092 gana
547 3025 618 3080 2000
636 3024 773 3079 Sehritt“.

166 3135 190 3177 l.
210 3123 397 3192 significatur]
418 3140 469 3189 „es
488 3123 553 3176 wird
571 3123 738 3192 angedeutet,
758 3140 785 3176 es
804 3122 870 3176 lasse
888 3122 944 3175 sieh
962 3121 1123 3176 erkennen“.
1144 3150 1178 3160 -
1201 3122 1322 3191 amplius

90 3211 214 3278 milibus]
236 3236 267 3254 =
288 3212 408 3280 amplius
426 3229 509 3280 quum
526 3212 613 3267 milia.
633 3241 667 3250 —
685 3212 792 3280 putere]
810 3210 832 3277 1,
851 3212 876 3277 2,
896 3211 921 3266 5.

164 3317 245 3387 Kap.
265 3319 294 3374 8.
336 3331 357 3372 ι.
377 3319 478 3374 eximia
496 3320 592 3388 epiuio
610 3319 725 3374 uirtutis
743 3317 897 3385 (bostium)]
918 3317 983 3384 „die
996 3315 1244 3371 auiserordentliehe
1257 3316 1322 3370 Mei·

88 3424 166 3476 nnng
184 3425 235 3462 ron
255 3408 324 3463 ...“.
345 3438 377 3446 -
393 3409 502 3476 proelio
521 3406 709 3477 asperaedere]
729 3425 801 3474 „von
820 3407 892 3460 einer
909 3405 1033 3460 Scblaeht
1051 3406 1196 3460 absehen“.

167 3517 190 3559 2.
208 3505 299 3574 posse]
320 3506 515 3574 „vermdgen“;
536 3506 626 3560 maehe
644 3507 751 3560 uirtute
765 3522 823 3558 zum
837 3503 962 3573 Subjelrtl
983 3532 1016 3542 -
1035 3503 1103 3573 quid
1174 3503 1321 3572 auderent]

91 3594 228 3648 verwende
248 3594 368 3661 ,‚Mut“l
385 3623 418 3634 -·
434 3594 607 3664 periclitari]
627 3595 780 3661 „Versuehe
798 3593 938 3647 maehen“.

167 3706 191 3747 a.
211 3692 272 3761 ubi]
293 3693 391 3758 ‚‚als“;
411 3693 458 3746 der
475 3693 626 3763 Hauptsatu
644 3693 755 3761 beginnt
772 3694 829 3745 erst
845 3691 888 3744 bei
912 3691 946 3744 ab
969 3695 1103 3758 utroque3
1128 3690 1263 3758 eingol'dgt
1284 3690 1323 3744 iat

89 3799 139 3836 ror
159 3782 308 3835 demselben
333 3781 375 3834 ein
399 3781 521 3834 kausaler
539 3781 599 3836 Abl.
625 3782 682 3836 loeo
697 3821 703 3833 .
716 3822 721 3834 .
734 3820 740 3833 .
753 3780 860 3848 idoueo,
884 3796 917 3833 an
941 3778 991 3833 den
1014 3779 1069 3832 sieh
1095 3779 1137 3832 die
1158 3779 1320 3832 Parenthese

89 3871 168 3941 quod
186 3872 212 3924 a'a
230 3871 306 3926 collis
384 3871 494 3924 redebet
517 3870 681 3924 ansehlielst.
725 3869 779 3922 aur
806 3869 847 3923 die
869 3859 1053 3936 llbersotzung
1078 3869 1170 3922 maebe
1197 3884 1245 3921 ans
1273 3867 1323 3921 ubi

150 3961 290 4016 intelleuit
308 3960 384 4014 einen
402 3949 567 4030 Hauptsatz;
586 3960 681 4013 ebenso
706 3975 753 4012 aus
779 3959 836 4014 loeo
915 3957 1013 4012 idoneo
1036 3958 1097 4024 („es
1120 3973 1174 4009 war
1195 3972 1250 4009 nun
1274 3954 1321 4008 der

90 4050 167 4104 Platz
183 4092 189 4105 .
203 4051 262 4115 ..“).
298 4049 354 4102 Der
371 4049 528 4117 aigentliehe
546 4049 696 4119 Hauptsatn
714 4048 752 4102 ist
770 4048 820 4101 mit
839 4046 967 4114 ‚,daher“
986 4043 1201 4100 anzusehlielsen.
1221 4073 1255 4083 -
1278 4043 1322 4097 iu·

90 4137 189 4206 ferior]
210 4137 416 4205 „sehwlieher“.
436 4167 470 4176 —
490 4139 593 4206 edituo]
613 4137 691 4205 „sieh
709 4137 871 4190 erhebend“.
891 4165 925 4174 -—
944 4134 1090 4201 adversus]
1115 4133 1153 4187 ist
1170 4132 1246 4201 Adj.:
1266 4149 1323 4200 „an

91 4227 138 4281 der
157 4227 334 4294 Vorderseits‚
353 4228 450 4282 vom“.
470 4255 503 4265 —
522 4233 632 4282 tautum
698 4227 824 4296 putebat,
843 4230 979 4295 paulum
992 4265 998 4279 .
1009 4265 1015 4279 .
1028 4264 1034 4278 .
1048 4238 1184 4292 oeatpure
1197 4221 1322 4292 poterut]

90 4334 144 4384 „er
161 4333 216 4371 war
234 4333 298 4371 nur
316 4333 346 4371 so
363 4317 441 4384 broit,
460 4316 519 4371 daie
537 4315 723 4386 (eigontlieh?)
799 4315 846 4368 ibn
863 4330 929 4382 gana
954 4313 1108 4367 'einnehmeu
1132 4311 1261 4366 lronnte“.
1288 4335 1323 4348 ·-

90 4407 165 4462 aaa
182 4406 338 4473 destructa]
358 4407 425 4474 „ein
442 4405 513 4459 Heer
538 4406 566 4459 in
590 4404 868 4472 Schlaehtordnung“.
894 4433 926 4442 -
951 4418 984 4458 eu
1006 4407 1124 4470 unaque
1144 4400 1242 4470 parte]
1265 4399 1324 4453 hier
