3086 4920
236 333 292 398 210
724 336 764 390 De
781 336 849 390 hello
868 334 967 390 Gallico

238 497 431 581 prineipibus
454 497 487 560 in
511 497 640 563 oonsilio
664 497 742 562 dixit
765 515 798 561 se
822 496 935 562 dueem
957 495 1039 573 fore,
1063 497 1118 579 qui
1141 496 1233 578 sequi
1255 496 1368 572 velint,
1393 515 1473 578 pro-

238 604 399 681 fiteantur,
423 605 620 686 consurgunt
641 604 673 680 ii,
698 603 753 686 qui
769 606 801 668 et
817 621 947 668 oausam
962 604 996 668 et
1008 603 1170 667 hominem
1184 603 1329 686 probant,
1351 621 1473 666 sunm-

214 729 302 793 sque
326 710 479 774 auxilium
503 709 693 793 pollioentur
716 712 813 791 atque
838 710 878 774 ah
901 709 1106 774 multitudine
1135 708 1375 782 antudinam
1409 710 1473 790 qui

240 836 277 882 ex
299 816 349 881 his
373 817 474 881 secuti
496 835 559 880 non
583 818 671 894 sunt,
694 817 728 880 in
750 816 947 881 desertorum
971 834 1008 880 ae
1029 815 1227 899 proditorum
1249 834 1383 880 numero
1408 815 1474 878 ‹in-

213 925 371 1001 seuntnr,
395 923 600 1005 omniumque
622 923 673 987 his
695 941 803 988 rerum
830 925 941 1006 postea
967 922 1046 988 fides
1069 922 1247 1004 derogatur.
1292 921 1473 1005 Hospitem

238 1030 355 1096 violare
378 1029 427 1094 faa
450 1048 513 1093 non
536 1031 667 1112 putant;
691 1030 747 1111 qui
769 1047 896 1111 quaque
920 1029 958 1094 de
981 1047 1078 1094 eausa
1101 1029 1141 1094 ad
1165 1047 1218 1094 eos
1233 1031 1402 1105 venerunt,
1427 1030 1474 1093 ah

239 1137 355 1202 iniuria
376 1135 553 1220 prohibent,
576 1137 702 1202 sanetos
726 1136 860 1213 habent,
891 1136 1004 1217 hisque
1035 1136 1176 1200 omnium
1205 1135 1318 1199 domus
1348 1137 1474 1218 patent

238 1244 404 1325 vietusque
428 1243 687 1308 eommunioatur.

182 1353 228 1415 24
327 1353 374 1414 Ao
396 1349 458 1414 fuit
486 1352 580 1415 antea
608 1352 752 1434 tempus,
781 1369 855 1414 anm
879 1349 1053 1415 Germanos
1078 1349 1162 1414 Galli
1183 1349 1301 1414 virtute
1332 1368 1474 1433 supera-

239 1459 326 1534 rent,
349 1457 434 1521 ultro
457 1456 541 1522 bella
563 1455 730 1534 inferrent,
758 1459 886 1540 propter
914 1457 1080 1521 hominum
1107 1456 1349 1520 multitudinem
1380 1457 1472 1538 agri-

214 1579 303 1653 aque
324 1563 463 1646 inopiam
486 1565 577 1628 trans
599 1563 748 1628 Rhenum
770 1564 907 1628 colonias
935 1564 1109 1628 mitterent
1153 1563 1268 1645 Itaque
1298 1581 1351 1640 ea,
1382 1582 1472 1644 quae

239 1670 437 1735 fertilissima
462 1669 651 1735 Germaniae
674 1672 759 1746 sunt,
782 1670 852 1734 loaa
874 1669 994 1735 eireum
1008 1669 1201 1752 Hercyniam
1218 1669 1341 1747 silvam,
1365 1688 1470 1751 quam

240 1777 444 1842 Eratostheni
468 1778 500 1842 et
523 1776 715 1858 quibusdam
739 1776 869 1842 Graeois
890 1775 978 1840 fama
1000 1778 1112 1840 notam
1138 1793 1207 1840 esse
1230 1775 1337 1852 rideo,
1367 1794 1470 1857 quam

239 1884 287 1949 illi
317 1883 488 1967 Orcyniam
523 1883 699 1966 appellant,
729 1881 847 1948 Voloae
877 1883 1067 1964 Teotosages
1098 1885 1332 1965 oeoupaverunt
1367 1885 1470 1964 atque

214 1990 285 2054 sihi
307 1989 533 2064 oonssdemnt3
562 2008 643 2072 quae
667 2008 744 2072 gens
768 1989 807 2054 ad
829 1990 889 2054 hoa
912 1991 1039 2073 tempus
1061 1989 1112 2052 his
1135 1989 1262 2054 sedibus
1293 2007 1363 2053 sese
1395 2009 1469 2054 oon-

241 2097 325 2161 tinet
354 2115 578 2179 summamque
608 2097 705 2162 habet
733 2096 874 2161 iustitiae
905 2101 938 2160 et
972 2097 1101 2162 bellieae
1135 2095 1241 2160 laudis
1276 2096 1467 2178 opinionem.

216 2203 345 2281 «Nune,
369 2203 452 2285 quod
474 2204 507 2268 in
531 2203 642 2268 eadem
664 2203 786 2287 inopia,
809 2205 950 2286 egestate
973 2203 1189 2286 patientiaque
1214 2201 1367 2267 Germani
1396 2221 1467 2285 per-

215 2311 390 2387 amanent,
424 2309 534 2375 eodem
564 2311 650 2375 vietu
684 2313 717 2375 et
751 2311 840 2375 onitu
869 2311 1007 2393 eorporis
1036 2311 1187 2385 utuntur,
1217 2308 1320 2374 Gallis
1356 2312 1465 2374 autem

315 2589 327 2629 7
344 2593 367 2630 u.
384 2586 407 2631 8.
423 2575 622 2645 profiteantur]
640 2592 694 2629 war
712 2575 792 2630 sehon
806 2575 833 2629 in
847 2574 963 2629 direkter
976 2575 1048 2628 Rede
1061 2574 1238 2643 Konjunktiv:
1259 2591 1309 2642 „er
1321 2577 1395 2642 mrige
1410 2573 1463 2626 sioh

242 2665 374 2719 melden“.
389 2692 422 2702 -
438 2664 538 2734 probo]
557 2664 621 2732 „ioh
634 2664 736 2719 hefinde
748 2667 805 2733 gut,
820 2664 862 2718 ioh
875 2663 945 2717 finde
958 2662 1076 2718 Getullen
1090 2665 1153 2718 an“.
1170 2691 1203 2702 -
1221 2662 1398 2732 pollicentur]
1418 2662 1463 2728 IV,

242 2755 285 2821 16,
299 2755 325 2810 8.
341 2783 374 2793 -
393 2754 425 2808 in
490 2753 616 2823 numero]
630 2753 736 2808 hhnlieh
749 2754 797 2807 wie
810 2753 842 2820 V,
856 2752 882 2819 5,
897 2753 922 2806 4.
937 2781 971 2792 —·
991 2752 1121 2820 desetor]
1136 2751 1335 2819 ,‚Ausreiiser“.
1351 2781 1384 2790 ——
1396 2751 1464 2818 fidae

242 2841 407 2913 derepente]
426 2840 572 2910 Gegensatz
591 2841 658 2894 darn
675 2841 714 2894 ist
730 2841 798 2909 fides
816 2842 976 2896 citabatur
995 2858 1045 2908 „es
1063 2841 1128 2894 wird
1145 2841 1201 2894 ihm
1218 2841 1374 2909 geglaubt“.

316 2943 339 2986 a.
358 2929 473 2999 violare]
488 2930 565 2998 „sieh
578 2929 721 2998 vergreifen
734 2930 798 2984 an“.
814 2957 846 2968 -
864 2929 922 2997 fae]
936 2928 969 2996 V,
985 2931 1028 2996 12,
1043 2930 1067 2984 5.
1082 2958 1116 2969 -
1135 2929 1185 2999 qai
1251 2927 1394 2996 veneant]
1407 2931 1462 2981 ent·

241 3021 302 3076 halt
319 3021 366 3074 das
385 3019 482 3089 Objeht
504 3036 537 3072 nu
554 3018 704 3086 prohibent
721 3021 753 3086 (e.
772 3017 804 3085 V,
823 3019 866 3084 21,
887 3018 912 3081 1)
930 3035 956 3072 u.
971 3035 991 3071 s.
1006 3035 1037 3072 w.
1064 3048 1098 3056 -
1123 3018 1172 3087 qui
1189 3033 1299 3086 quaque
1317 3017 1350 3072 de
1367 3015 1461 3084 eom]

244 3108 442 3179 ungewthnlioh
456 3108 497 3161 fiir
510 3123 647 3176 quanqam,
662 3107 711 3177 qai
725 3107 822 3176 eliqua
836 3107 869 3162 eie
883 3123 976 3161 eausa.
993 3136 1028 3144 —
1045 3107 1167 3174 sanetae]
1181 3107 1245 3160 Wer
1259 3107 1299 3160 ais
1312 3107 1390 3174 heilig
1401 3105 1460 3173 gilt,

242 3199 305 3253 dari
319 3198 394 3252 nicht
411 3198 522 3251 verletzt
540 3196 649 3250 werden.
669 3225 703 3235 -
723 3194 953 3262 ommunicatus]
970 3194 1037 3266 Ksp.
1057 3197 1100 3262 13,
1121 3197 1145 3250 7.

314 3286 392 3355 Kap.
412 3284 464 3344 24.
505 3298 556 3340 111.
573 3296 596 3339 i.
616 3303 698 3356 quam
776 3285 864 3353 uideo]
884 3283 944 3340 Ant
963 3285 999 3351 P;
1018 3285 1064 3339 der
1081 3285 1220 3340 Ausdruek
1238 3286 1330 3340 deutet
1347 3283 1390 3338 auf
1404 3283 1458 3336 eine

244 3375 350 3443 Gohriit,
369 3375 410 3429 die
428 3392 457 3430 er
473 3375 577 3444 gelesen
595 3375 651 3430 hat.

318 3476 341 3518 a.
359 3481 490 3535 inaquam
508 3464 592 3519 habeo
664 3462 831 3534 opinionem]
854 3464 912 3518 Wir
929 3465 1031 3518 khnnen
1049 3463 1124 3518 nieht
1141 3480 1236 3532 eugen:
1260 3464 1310 3530 „in
1326 3460 1456 3532 groisem

241 3551 311 3606 Rufe
336 3552 460 3620 stehen“,
486 3553 598 3607 sondern
622 3552 712 3606 ziehen
736 3553 783 3606 das
807 3552 867 3622 Adj.
893 3569 952 3606 zum
974 3553 1036 3621 iolg.
1055 3551 1144 3607 Subst.
1170 3583 1204 3592 -
1230 3552 1303 3619 tous]
1327 3551 1401 3606 ohan
1422 3548 1456 3600 im

241 3641 323 3695 Sinna
341 3657 391 3694 von
407 3643 503 3697 mewa.

315 3741 340 3784 4.
360 3746 436 3784 nano
454 3730 527 3800 quod
588 3735 764 3801 permanent,
834 3735 966 3798 utuntur,
1036 3730 1169 3798 lorqiiur,
1193 3731 1332 3798 paulatim
1345 3741 1454 3782 ...oon-

239 3819 361 3889 pwrant]
380 3818 456 3872 Statt
468 3818 511 3873 die
525 3818 631 3875 Griinde
644 3821 672 3874 in
685 3819 849 3874 Nehensitne
862 3836 895 3873 zu
908 3819 1018 3886 kleiden,
1033 3819 1075 3873 die
1087 3818 1168 3887 Folge
1180 3818 1208 3872 in
1221 3819 1297 3875 einen
1308 3816 1454 3886 Hauptsatr,

242 3909 346 3963 khunen
364 3907 412 3962 wir
425 3907 467 3962 die
481 3907 587 3963 Griinde
601 3909 685 3962 durch
698 3908 863 3980 Hauptsttre
877 3907 1038 3962 ausdriieken
1053 3907 1107 3962 und
1121 3906 1163 3961 dis
1176 3906 1256 3976 Folge
1274 3908 1325 3962 mit
1342 3901 1451 3972 „daher“

245 3997 365 4067 anfiigen.
391 4026 425 4036 -
449 3998 562 4067 inopia,
587 3998 701 4068 epestm]
726 3997 861 4052 verhalten
880 3997 936 4051 sioh
953 3997 1001 4058 wie
1019 3995 1117 4050 Armut
1134 3995 1188 4049 und
1206 3995 1379 4064 Dtrftigheit;
1400 3987 1452 4044 dois

243 4087 317 4141 ‹iiese
329 4086 380 4140 den
394 4084 540 4140 Germanou
553 4087 628 4140 nieht
641 4104 670 4141 so
683 4085 851 4158 empfindlieh
864 4102 925 4152 war,
944 4086 1045 4140 hommt
1057 4101 1108 4138 von
1120 4084 1191 4138 ihrer
1201 4084 1351 4153 patientia,
1368 4079 1451 4146 iniolge

242 4176 325 4230 deren
339 4175 376 4229 sie
391 4174 446 4228 sich
460 4175 510 4229 mit
523 4175 647 4244 wenigem
660 4180 779 4244 geniigen
793 4176 888 4229 lassen.
903 4205 937 4213 -
951 4172 1125 4244 permanere]
1144 4173 1300 4228 hrothadus
1313 4168 1449 4226 virolam

243 4265 271 4320 in
292 4264 375 4321 einem
392 4262 514 4318 hitheren
531 4263 663 4318 Zustande
681 4280 742 4330 aus3
767 4263 815 4317 wir
832 4263 983 4318 verwenden
1002 4263 1050 4318 das
1067 4262 1135 4316 Peri.
1161 4291 1195 4301 -
1220 4263 1311 4318 alne
1333 4253 1449 4328 corporis]

243 4352 334 4423 hiufig
352 4353 402 4408 mit
421 4353 511 4410 vimus
528 4352 686 4421 verbunden,
704 4353 855 4407 hezeiohnet
873 4351 915 4406 die
932 4351 1095 4420 Bekieidnug
1112 4351 1158 4404 des
1174 4350 1299 4422 Kirpers.
