3172 4922
575 396 672 452 Comm.
691 397 712 464 Ι,
731 413 752 450 c.
772 398 886 452 29-31.
1307 396 1343 457 29

109 556 284 620 nissimum
321 576 357 621 ac
394 557 687 622 fructuosissimum
715 559 926 634 indicassent,
961 558 1166 640 reliquasque
1197 559 1341 624 civitates
1406 583 1409 587 ·

111 663 339 745 stipendiarias
363 665 526 729 haberent.
560 664 737 743 Petierunt,
761 666 809 729 uti
834 665 893 729 sibi
912 664 1087 742 concilium
1102 666 1200 729 totius
1219 665 1366 730 Gallicos

111 770 144 832 in
168 769 256 834 diem
281 772 404 834 certam
426 769 570 861 indicere
587 771 683 852 idque
707 771 852 836 Caesaris
883 771 1053 834 voluntate
1079 770 1182 835 facere
1213 772 1341 836 liceret:

112 894 182 940 sese
204 877 325 941 habere
350 877 507 958 quasdam
529 863 590 954 res,
615 895 694 958 quas
718 897 755 941 ex
779 877 939 942 commoni
955 895 1111 941 consensu
1127 878 1166 941 ab
1183 895 1218 941 eo
1234 879 1342 960 petere

112 983 240 1046 veilent.
276 983 332 1046 aa*
347 1001 381 1047 re
404 984 560 1066 permissa
585 982 669 1047 diem
686 985 816 1048 concilio
833 983 1068 1048 constituerunt
1084 986 1116 1047 et
1130 984 1367 1061 iureiurandos

112 1107 151 1153 ne
178 1089 249 1170 quis
275 1090 465 1166 enuntiaret,
488 1090 550 1153 nisi
574 1090 689 1171 quibus
713 1091 874 1154 communi
887 1087 1026 1154 ‘oonsilio
1042 1090 1230 1154 mandatum
1248 1091 1342 1168 esset,

113 1195 197 1259 inter
222 1214 257 1259 se
282 1197 464 1292 sanxerunt.

202 1302 249 1366 Eo
274 1303 404 1367 concilio
435 1303 565 1366 dimisso
593 1303 678 1366 idem
706 1303 863 1385 principes
893 1303 1073 1378 civitatum,
1104 1303 1159 1384 qui
1189 1305 1262 1367 ante
1291 1302 1393 1366 fu-31

114 1409 216 1485 erant,
242 1409 281 1472 ad
307 1409 476 1474 Caesarem
500 1411 703 1474 reverterunt
724 1410 966 1492 petieruntque,
990 1409 1039 1472 uti
1069 1409 1128 1473 sibi
1159 1411 1279 1474 secreto
1308 1410 1342 1474 in

113 1515 239 1579 occulto
263 1516 302 1580 de
326 1534 384 1580 sna
408 1515 613 1597 omniumque
643 1517 746 1579 salute
777 1535 849 1580 oum
880 1535 915 1580 eo
945 1534 1038 1596 agere
1068 1509 1185 1579 fideret.
1231 1516 1279 1580 Ea
1308 1531 1367 1581 re²

111 1621 288 1704 impetrata
312 1641 380 1686 sese
405 1641 514 1686 omnes
538 1621 651 1687 flentes
676 1621 804 1687 Caesari
828 1622 868 1685 ad
897 1622 992 1704 pedes
1022 1623 1239 1704 proiecerunt:
1270 1622 1342 1687 Non

111 1729 220 1792 minus
246 1747 279 1792 se
303 1728 336 1792 id
360 1729 548 1792 contendere
573 1733 606 1792 et
628 1729 781 1805 laborare,
804 1747 844 1792 ne
868 1745 914 1804 ea,
939 1746 1020 1809 quae
1045 1727 1213 1805 dixissent,
1243 1746 1342 1792 enun-

112 1835 283 1911 tiarentur,
308 1853 405 1916 quam
428 1835 477 1898 uti
500 1853 546 1910 ea,
571 1853 652 1917 quae
672 1836 799 1911 vellent,
823 1835 1041 1917 impetrarent,
1065 1836 1232 1917 propterea
1249 1835 1341 1916 quod,

114 1941 141 2004 si
166 1941 372 2005 enuntiatum
396 1943 489 2018 esset,
513 1961 677 2006 summum
700 1942 734 2024 ip
757 1941 934 2005 cruciatum
959 1960 992 2005 se
1015 1942 1166 2005 venturos
1189 1941 1342 2005 viderent.

113 2048 257 2112 Locutus
282 2050 332 2112 est
354 2068 410 2131 pro
433 2049 483 2112 his
507 2049 688 2113 Diviciacus
711 2048 885 2112 Haeduus:
911 2047 1033 2112 Galliae
1057 2048 1157 2111 totius
1186 2047 1366 2112 factionesa

114 2173 184 2218 esse
209 2155 307 2217 duas:
332 2155 447 2218 harum
476 2155 607 2218 alterius
638 2155 851 2237 principatum
882 2156 990 2218 tenere
1013 2153 1178 2230 HaeduoS,
1210 2154 1341 2218 alterius

112 2263 283 2324 Arvernos.
329 2260 372 2323 Hi
395 2280 469 2324 oum
493 2263 657 2342 tantopere
682 2260 719 2323 de
743 2262 913 2343 potentatu
936 2260 1019 2323 inter
1042 2278 1075 2322 se
1099 2260 1217 2323 multos
1243 2277 1366 2324 annosi

112 2367 357 2444 contenderent,
380 2367 502 2431 factum
527 2385 610 2444 esse,
634 2367 683 2430 uti
707 2367 746 2430 ab
769 2367 919 2430 Arvernis
946 2365 1165 2446 Sequanisque
1190 2365 1343 2430 Germani

112 2561 216 2613 amone
236 2543 327 2613 copia]
346 2543 424 2596 naml.
445 2543 573 2597 locorum.
594 2572 626 2580 —
651 2542 851 2612 stipendiarias
869 2541 1013 2608 haberent]
1032 2541 1089 2593 Wir
1108 2546 1213 2594 missen
1231 2558 1343 2596 ceruen-

110 2633 163 2687 den
184 2633 310 2700 „zinsbar
327 2633 467 2687 machen“.
1277 2634 1279 2643 ’

187 2734 211 2774 4.
232 2721 390 2789 ooamla'am]
409 2720 579 2788 „Landtag“.
601 2749 632 2758 -
652 2719 804 2787 uoluntate]
818 2720 883 2789 Kap.
895 2721 919 2785 7,
934 2720 959 2772 3.
979 2748 1012 2756 —
1031 2719 1083 2771 Mit
1096 2733 1152 2773 sese
1165 2718 1262 2792 lactem
1276 2718 1343 2786 folgt

111 2811 149 2864 im
163 2809 225 2864 Aee.
241 2827 262 2864 c.
277 2811 328 2864 Inf.
348 2810 389 2863 die
406 2811 555 2878 beigetiigte
573 2809 752 2877 Begriindung
769 2810 840 2862 ihrer
857 2809 939 2861 Bitte.
960 2837 993 2846 -
1012 2823 1055 2861 res
1074 2808 1108 2861 ob
1129 2793 1223 2874 clr'qae
1237 2807 1342 2874 petere]

113 2900 196 2969 „jem
216 2899 347 2953 Wiinsche
365 2899 536 2965 vortragen“.

189 3003 212 3042 e.
231 2989 293 3042 irae
311 2988 435 3043 iurando
517 2987 591 3041 inter
607 3003 635 3041 se
652 2987 817 3054 sanxerant]
836 2986 918 3040 Wozu
937 2986 974 3040 sie
993 2986 1049 3039 sich
1067 2983 1230 3054 gegenseitig
1248 2983 1344 3037 eidlioh

113 3077 325 3148 verpfliohteten,
344 3078 381 3130 ist
399 3076 483 3130 durch
501 3092 536 3129 ae
560 3076 716 3144 eingeffihrt.
741 3106 774 3116 -
799 3074 867 3145 aisa]
892 3075 974 3128 heiist
991 3074 1057 3126 nach
1077 3073 1135 3126 dem
1153 3071 1291 3140 negativen
1309 3087 1344 3126 ae

113 3167 191 3236 quie:
211 3166 350 3232 „aussor“.

186 3255 266 3322 Kap.
286 3255 338 3310 31.
375 3268 396 3310 ¹.
416 3254 563 3310 coac-iliona
581 3254 749 3321 dimittitur]
769 3253 831 3320 „die
844 3252 1046 3319 Versammlung
1064 3251 1120 3318 (der
1134 3249 1265 3318 Landtag)
1278 3249 1343 3302 wird

113 3345 320 3414 geschlossen“;
339 3343 401 3398 Sata
420 3343 489 3397 nach
507 3341 566 3398 nn.
585 3343 618 3397 Κ.
643 3371 675 3380 -
699 3343 772 3397 idem
791 3343 837 3409 (=
856 3341 960 3409 iidem),
979 3341 1027 3411 qai
1046 3347 1111 3394 onte
1129 3339 1256 3406 sacrant]
1276 3338 1344 3392 nach

113 3434 176 3488 Ani.
195 3433 236 3486 B⁴
256 3433 325 3500 „wie
347 3434 470 3487 vorher“.
494 3464 528 3472 -
551 3433 661 3499 semoto]
687 3449 785 3486 warum
803 3432 878 3485 nicht
903 3455 935 3474 =
963 3433 1062 3498 „nnter
1086 3430 1140 3482 vier
1158 3427 1272 3496 Augen“
1296 3428 1343 3480 wie

113 3522 182 3592 Kap.
203 3523 250 3588 18,
275 3521 314 3576 2?
337 3551 370 3561 -
396 3523 428 3576 aa
446 3522 562 3591 occulto]
589 3521 783 3590 „insgeheim“,
809 3537 838 3574 so
861 3520 919 3573 dass
938 3519 1059 3572 niemand
1079 3518 1162 3572 daven
1180 3517 1289 3571 erfahrt.
1310 3546 1344 3556 -

114 3611 149 3665 dc
174 3627 228 3666 suc
327 3611 429 3679 salute]
455 3613 541 3678 „iiber
563 3612 607 3665 ihr
631 3611 734 3679 cigenss
752 3610 806 3663 und
825 3609 873 3662 das
898 3608 1050 3676 allgemeine
1068 3607 1178 3661 Beete“.
1199 3636 1232 3646 -
1253 3604 1343 3675 apere]

114 3699 181 3770 Kap.
202 3701 246 3766 13,
265 3701 290 3754 3.

190 3800 213 3842 2.
239 3790 356 3856 impetro
379 3788 500 3858 aliquid]
527 3805 575 3854 „es
593 3787 657 3840 wind
676 3787 726 3840 mir
744 3791 825 3840 etwas
849 3785 936 3851 (oderr
960 3785 1016 3837 eine
1034 3784 1118 3848 Bitte)
1142 3783 1289 3851 gewithrt“.
1310 3812 1344 3822 —

113 3877 223 3946 katte]
240 3876 308 3947 Kap.
327 3879 376 3943 20,
401 3879 426 3932 5.
452 3905 486 3916 -
510 3877 541 3931 id
565 3877 698 3932 contendo
723 3881 749 3929 ct
774 3875 879 3941 laboro]
899 3877 979 3927 etwai
1005 3873 1073 3939 „das
1091 3872 1128 3925 ist
1145 3872 1215 3924 mein
1234 3871 1344 3924 Streben

115 3966 171 4020 und
189 3967 275 4019 meins
293 3965 402 4035 Sorge“.
423 3995 456 4006 ——
476 3982 517 4033 ea,
536 3982 607 4035 qaae
626 3964 698 4032 aaa]
718 3964 823 4032 „maine
841 3962 1066 4030 Mittsilungen“;
1085 3960 1191 4015 thulioh
1209 3961 1344 4013 iibersetze

114 4055 183 4108 auch
211 4071 259 4123 ea,
287 4071 357 4123 qaae
384 4056 498 4110 vellent!
525 4084 558 4093 —
590 4071 724 4109 marorum
751 4054 783 4106 ia
810 4052 965 4108 mactatam
992 4050 1081 4117 aonio]
1112 4049 1175 4116 „ich
1201 4049 1267 4116 gehe
1294 4047 1345 4101 den

115 4143 340 4198 schrecklichsten
357 4143 477 4198 Martem
495 4143 653 4212 sntgegen“.
1170 4181 1175 4188 .

190 4245 214 4287 a.
234 4233 310 4302 loqui
324 4233 388 4301 pro]
410 4232 478 4300 „das
496 4233 573 4286 Wort
589 4232 683 4286 fdhren
701 4231 772 4286 fiir“.
792 4261 826 4268 -
846 4230 957 4286 Galliac
1036 4227 1172 4293 factiones
1191 4241 1246 4280 asse
1265 4224 1345 4294 daca]

115 4321 259 4376 Verwende
278 4321 456 4388 „asrfallen“!
478 4349 509 4359 -
526 4322 722 4390 praeripuerant
741 4318 842 4388 tenere]
859 4319 926 4389 Kap.
946 4318 988 4383 17,
1007 4317 1033 4371 3.

189 4424 214 4464 4.
236 4410 311 4464 inter
328 4425 355 4464 ee
373 4409 535 4464 commodare
553 4410 586 4464 dc
604 4449 611 4464 .
626 4450 633 4464 .
648 4410 666 4478 .]
693 4409 770 4477 „sich
788 4410 870 4462 etwas
889 4407 995 4474 streitig
1016 4404 1154 4457 maohen“.
1180 4431 1214 4442 -·
1236 4402 1345 4469 factam
