<?xml version="1.0" encoding="UTF-8"?>
<!DOCTYPE html PUBLIC "-//W3C//DTD XHTML 1.0 Transitional//EN"
    "http://www.w3.org/TR/xhtml1/DTD/xhtml1-transitional.dtd">
<html xmlns="http://www.w3.org/1999/xhtml" xml:lang="en" lang="en">
 <head>
  <title>
</title>
<meta http-equiv="Content-Type" content="text/html;charset=utf-8" />
  <meta name='ocr-system' content='tesseract 3.04.00' />
  <meta name='ocr-capabilities' content='ocr_page ocr_carea ocr_par ocr_line ocrx_word'/>
</head>
<body>
  <div class='ocr_page' id='page_1' title='image "./ciuliicaesarisc01menggoog_0367.png"; bbox 0 0 3136 4928; ppageno 0'>
   <div class='ocr_carea' id='block_1_1' title="bbox 255 387 991 449">
    <p class='ocr_par' dir='ltr' id='par_1_1' title="bbox 255 387 991 449">
     <span class='ocr_line' id='line_1_1' title="bbox 255 387 991 449; baseline -0.008 0"><span class='ocrx_word' id='word_1_1' title='bbox 255 387 311 449; x_wconf 72' lang='grc'>842</span> <span class='ocrx_word' id='word_1_2' title='bbox 747 389 787 443; x_wconf 88' lang='lat' dir='ltr'>De</span> <span class='ocrx_word' id='word_1_3' title='bbox 804 389 873 443; x_wconf 90' lang='lat' dir='ltr'>bello</span> <span class='ocrx_word' id='word_1_4' title='bbox 892 387 991 444; x_wconf 82' lang='lat' dir='ltr'>Gallico</span> 
     </span>
    </p>
   </div>
   <div class='ocr_carea' id='block_1_2' title="bbox 205 549 1559 2644">
    <p class='ocr_par' dir='ltr' id='par_1_2' title="bbox 258 549 1485 739">
     <span class='ocr_line' id='line_1_2' title="bbox 258 549 1483 636; baseline -0.004 -18"><span class='ocrx_word' id='word_1_5' title='bbox 258 553 348 636; x_wconf 89' lang='lat' dir='ltr'>cipue</span> <span class='ocrx_word' id='word_1_6' title='bbox 372 571 425 616; x_wconf 89' lang='lat' dir='ltr'>eos</span> <span class='ocrx_word' id='word_1_7' title='bbox 448 553 578 635; x_wconf 90' lang='lat' dir='ltr'>propter</span> <span class='ocrx_word' id='word_1_8' title='bbox 600 551 825 616; x_wconf 74' lang='lat' dir='ltr'>conscientiam</span> <span class='ocrx_word' id='word_1_9' title='bbox 848 549 925 615; x_wconf 87' lang='lat' dir='ltr'>facti</span> <span class='ocrx_word' id='word_1_10' title='bbox 956 550 1069 615; x_wconf 89' lang='lat' dir='ltr'>timere</span> <span class='ocrx_word' id='word_1_11' title='bbox 1100 549 1397 627; x_wconf 84' lang='lat' dir='ltr'>animadvertebat,</span> <span class='ocrx_word' id='word_1_12' title='bbox 1427 568 1483 632; x_wconf 87' lang='lat' dir='ltr'>quo</span> 
     </span>
     <span class='ocr_line' id='line_1_3' title="bbox 258 657 1485 739; baseline -0.004 -15"><span class='ocrx_word' id='word_1_13' title='bbox 258 659 392 724; x_wconf 89' lang='lat' dir='ltr'>celerius</span> <span class='ocrx_word' id='word_1_14' title='bbox 423 659 586 723; x_wconf 85' lang='lat' dir='ltr'>civitatem</span> <span class='ocrx_word' id='word_1_15' title='bbox 615 657 728 721; x_wconf 89' lang='lat' dir='ltr'>timore</span> <span class='ocrx_word' id='word_1_16' title='bbox 757 657 922 733; x_wconf 88' lang='lat' dir='ltr'>liberaret,</span> <span class='ocrx_word' id='word_1_17' title='bbox 957 657 1132 739; x_wconf 89' lang='lat' dir='ltr'>principem</span> <span class='ocrx_word' id='word_1_18' title='bbox 1167 657 1297 721; x_wconf 85' lang='lat' dir='ltr'>sceleris</span> <span class='ocrx_word' id='word_1_19' title='bbox 1333 657 1422 720; x_wconf 91' lang='lat' dir='ltr'>illius</span> <span class='ocrx_word' id='word_1_20' title='bbox 1456 658 1485 720; x_wconf 88' lang='lat' dir='ltr'>et</span> 
     </span>
    </p>

    <p class='ocr_par' dir='ltr' id='par_1_3' title="bbox 233 762 1487 1378">
     <span class='ocr_line' id='line_1_4' title="bbox 233 762 1485 846; baseline 0 -20"><span class='ocrx_word' id='word_1_21' title='bbox 233 767 484 832; x_wconf 75' lang='lat' dir='ltr'>iconoitatorem</span> <span class='ocrx_word' id='word_1_22' title='bbox 506 764 590 840; x_wconf 88' lang='lat' dir='ltr'>belli,</span> <span class='ocrx_word' id='word_1_23' title='bbox 615 763 823 840; x_wconf 88' lang='lat' dir='ltr'>Gutrnatnm,</span> <span class='ocrx_word' id='word_1_24' title='bbox 847 763 887 827; x_wconf 89' lang='lat' dir='ltr'>ad</span> <span class='ocrx_word' id='word_1_25' title='bbox 911 763 1102 846; x_wconf 89' lang='lat' dir='ltr'>supplicium</span> <span class='ocrx_word' id='word_1_26' title='bbox 1118 762 1311 846; x_wconf 74' lang='lat' dir='ltr'>depoposcit.</span> <span class='ocrx_word' id='word_1_27' title='bbox 1344 762 1409 842; x_wconf 83' lang='lat' dir='ltr'>Qui</span> <span class='ocrx_word' id='word_1_28' title='bbox 1430 763 1485 827; x_wconf 89' lang='lat' dir='ltr'>etsi</span> 
     </span>
     <span class='ocr_line' id='line_1_5' title="bbox 259 870 1485 953; baseline -0.003 -15"><span class='ocrx_word' id='word_1_29' title='bbox 259 892 298 938; x_wconf 92' lang='lat' dir='ltr'>ne</span> <span class='ocrx_word' id='word_1_30' title='bbox 322 873 443 938; x_wconf 85' lang='lat' dir='ltr'>civibus</span> <span class='ocrx_word' id='word_1_31' title='bbox 467 871 596 953; x_wconf 90' lang='lat' dir='ltr'>quidem</span> <span class='ocrx_word' id='word_1_32' title='bbox 619 870 685 934; x_wconf 89' lang='lat' dir='ltr'>suis</span> <span class='ocrx_word' id='word_1_33' title='bbox 709 889 742 934; x_wconf 93' lang='lat' dir='ltr'>se</span> <span class='ocrx_word' id='word_1_34' title='bbox 767 870 1003 946; x_wconf 72' lang='lat' dir='ltr'>committebat,</span> <span class='ocrx_word' id='word_1_35' title='bbox 1033 871 1142 934; x_wconf 92' lang='lat' dir='ltr'>tamen</span> <span class='ocrx_word' id='word_1_36' title='bbox 1166 870 1314 934; x_wconf 85' lang='lat' dir='ltr'>celeriter</span> <span class='ocrx_word' id='word_1_37' title='bbox 1345 870 1485 934; x_wconf 90' lang='lat' dir='ltr'>omnium</span> 
     </span>
     <span class='ocr_line' id='line_1_6' title="bbox 235 975 1485 1060; baseline 0 -20"><span class='ocrx_word' id='word_1_38' title='bbox 235 998 336 1044; x_wconf 79' lang='lat' dir='ltr'>scura</span> <span class='ocrx_word' id='word_1_39' title='bbox 360 979 524 1060; x_wconf 88' lang='lat' dir='ltr'>quaesitus</span> <span class='ocrx_word' id='word_1_40' title='bbox 547 978 581 1041; x_wconf 92' lang='lat' dir='ltr'>in</span> <span class='ocrx_word' id='word_1_41' title='bbox 605 978 710 1041; x_wconf 89' lang='lat' dir='ltr'>castra</span> <span class='ocrx_word' id='word_1_42' title='bbox 732 975 926 1059; x_wconf 86' lang='lat' dir='ltr'>perducitur.</span> <span class='ocrx_word' id='word_1_43' title='bbox 972 975 1104 1058; x_wconf 81' lang='lat' dir='ltr'>Cogitur</span> <span class='ocrx_word' id='word_1_44' title='bbox 1133 977 1166 1040; x_wconf 91' lang='lat' dir='ltr'>in</span> <span class='ocrx_word' id='word_1_45' title='bbox 1196 976 1264 1041; x_wconf 92' lang='lat' dir='ltr'>eius</span> <span class='ocrx_word' id='word_1_46' title='bbox 1295 977 1485 1060; x_wconf 87' lang='lat' dir='ltr'>supplicium</span> 
     </span>
     <span class='ocr_line' id='line_1_7' title="bbox 259 1082 1487 1164; baseline -0.003 -13"><span class='ocrx_word' id='word_1_47' title='bbox 259 1086 379 1152; x_wconf 84' lang='lat' dir='ltr'>Caesar</span> <span class='ocrx_word' id='word_1_48' title='bbox 401 1086 510 1149; x_wconf 89' lang='lat' dir='ltr'>contra</span> <span class='ocrx_word' id='word_1_49' title='bbox 534 1102 626 1147; x_wconf 90' lang='lat' dir='ltr'>suam</span> <span class='ocrx_word' id='word_1_50' title='bbox 653 1085 804 1147; x_wconf 90' lang='lat' dir='ltr'>naturam</span> <span class='ocrx_word' id='word_1_51' title='bbox 834 1101 989 1147; x_wconf 89' lang='lat' dir='ltr'>concursu</span> <span class='ocrx_word' id='word_1_52' title='bbox 1018 1082 1156 1146; x_wconf 84' lang='lat' dir='ltr'>maximo</span> <span class='ocrx_word' id='word_1_53' title='bbox 1186 1083 1345 1160; x_wconf 84' lang='lat' dir='ltr'>militum,</span> <span class='ocrx_word' id='word_1_54' title='bbox 1377 1083 1435 1164; x_wconf 90' lang='lat' dir='ltr'>qui</span> <span class='ocrx_word' id='word_1_55' title='bbox 1461 1084 1487 1147; x_wconf 92' lang='lat' dir='ltr'>ei</span> 
     </span>
     <span class='ocr_line' id='line_1_8' title="bbox 260 1187 1487 1274; baseline -0.002 -17"><span class='ocrx_word' id='word_1_56' title='bbox 260 1192 366 1257; x_wconf 90' lang='lat' dir='ltr'>omnia</span> <span class='ocrx_word' id='word_1_57' title='bbox 388 1191 529 1274; x_wconf 85' lang='lat' dir='ltr'>pericula</span> <span class='ocrx_word' id='word_1_58' title='bbox 552 1192 586 1254; x_wconf 94' lang='lat' dir='ltr'>et</span> <span class='ocrx_word' id='word_1_59' title='bbox 609 1189 800 1254; x_wconf 88' lang='lat' dir='ltr'>detrimenta</span> <span class='ocrx_word' id='word_1_60' title='bbox 822 1189 898 1254; x_wconf 90' lang='lat' dir='ltr'>belli</span> <span class='ocrx_word' id='word_1_61' title='bbox 922 1207 940 1252; x_wconf 89' lang='lat' dir='ltr'>a</span> <span class='ocrx_word' id='word_1_62' title='bbox 962 1187 1121 1253; x_wconf 82' lang='lat' dir='ltr'>Gutruato</span> <span class='ocrx_word' id='word_1_63' title='bbox 1145 1193 1276 1272; x_wconf 86' lang='lat' dir='ltr'>accepta</span> <span class='ocrx_word' id='word_1_64' title='bbox 1298 1189 1487 1266; x_wconf 80' lang='lat' dir='ltr'>referebant</span> 
     </span>
     <span class='ocr_line' id='line_1_9' title="bbox 260 1295 1290 1378; baseline -0.003 -15"><span class='ocrx_word' id='word_1_65' title='bbox 260 1299 338 1364; x_wconf 88' lang='lat' dir='ltr'>adeo</span> <span class='ocrx_word' id='word_1_66' title='bbox 361 1301 400 1362; x_wconf 94' lang='lat' dir='ltr'>ut</span> <span class='ocrx_word' id='word_1_67' title='bbox 422 1297 605 1362; x_wconf 87' lang='lat' dir='ltr'>verberibus</span> <span class='ocrx_word' id='word_1_68' title='bbox 630 1296 846 1361; x_wconf 83' lang='lat' dir='ltr'>exanimatum</span> <span class='ocrx_word' id='word_1_69' title='bbox 870 1313 983 1378; x_wconf 87' lang='lat' dir='ltr'>corpus</span> <span class='ocrx_word' id='word_1_70' title='bbox 1007 1295 1110 1359; x_wconf 87' lang='lat' dir='ltr'>securi</span> <span class='ocrx_word' id='word_1_71' title='bbox 1132 1295 1242 1360; x_wconf 86' lang='lat' dir='ltr'>feriret</span> <span class='ocrx_word' id='word_1_72' title='bbox 1282 1345 1290 1360; x_wconf 89' lang='lat'>.</span> 
     </span>
    </p>

    <p class='ocr_par' dir='ltr' id='par_1_4' title="bbox 205 1402 1559 2232">
     <span class='ocr_line' id='line_1_10' title="bbox 205 1402 1489 1486; baseline -0.004 -15"><span class='ocrx_word' id='word_1_73' title='bbox 205 1409 249 1471; x_wconf 75' lang='lat'>89</span> <span class='ocrx_word' id='word_1_74' title='bbox 348 1405 397 1469; x_wconf 84' lang='lat' dir='ltr'>Iti</span> <span class='ocrx_word' id='word_1_75' title='bbox 420 1403 538 1468; x_wconf 80' lang='lat' dir='ltr'>crebris</span> <span class='ocrx_word' id='word_1_76' title='bbox 561 1403 679 1468; x_wconf 86' lang='lat' dir='ltr'>litteris</span> <span class='ocrx_word' id='word_1_77' title='bbox 704 1402 829 1470; x_wconf 83' lang='lat' dir='ltr'>Caninii</span> <span class='ocrx_word' id='word_1_78' title='bbox 858 1402 895 1466; x_wconf 89' lang='lat' dir='ltr'>fit</span> <span class='ocrx_word' id='word_1_79' title='bbox 924 1402 1054 1478; x_wconf 87' lang='lat' dir='ltr'>certior,</span> <span class='ocrx_word' id='word_1_80' title='bbox 1085 1420 1166 1483; x_wconf 90' lang='lat' dir='ltr'>quae</span> <span class='ocrx_word' id='word_1_81' title='bbox 1198 1402 1236 1466; x_wconf 89' lang='lat' dir='ltr'>de</span> <span class='ocrx_word' id='word_1_82' title='bbox 1259 1403 1428 1486; x_wconf 84' lang='lat' dir='ltr'>Drappete</span> <span class='ocrx_word' id='word_1_83' title='bbox 1459 1407 1489 1468; x_wconf 91' lang='lat' dir='ltr'>et</span> 
     </span>
     <span class='ocr_line' id='line_1_11' title="bbox 259 1509 1490 1593; baseline -0.002 -18"><span class='ocrx_word' id='word_1_84' title='bbox 259 1511 407 1576; x_wconf 85' lang='lat' dir='ltr'>Lucterio</span> <span class='ocrx_word' id='word_1_85' title='bbox 435 1513 526 1592; x_wconf 81' lang='lat' dir='ltr'>gesta</span> <span class='ocrx_word' id='word_1_86' title='bbox 550 1512 669 1587; x_wconf 85' lang='lat' dir='ltr'>essent,</span> <span class='ocrx_word' id='word_1_87' title='bbox 700 1528 826 1592; x_wconf 91' lang='lat' dir='ltr'>quoque</span> <span class='ocrx_word' id='word_1_88' title='bbox 853 1509 887 1572; x_wconf 92' lang='lat' dir='ltr'>in</span> <span class='ocrx_word' id='word_1_89' title='bbox 917 1509 1046 1574; x_wconf 82' lang='lat' dir='ltr'>oonsilio</span> <span class='ocrx_word' id='word_1_90' title='bbox 1075 1511 1301 1592; x_wconf 86' lang='lat' dir='ltr'>permanerent</span> <span class='ocrx_word' id='word_1_91' title='bbox 1332 1510 1490 1593; x_wconf 90' lang='lat' dir='ltr'>oppidani.</span> 
     </span>
     <span class='ocr_line' id='line_1_12' title="bbox 235 1616 1492 1700; baseline 0.001 -20"><span class='ocrx_word' id='word_1_92' title='bbox 235 1617 404 1697; x_wconf 83' lang='lat' dir='ltr'>aQuorum</span> <span class='ocrx_word' id='word_1_93' title='bbox 427 1617 489 1681; x_wconf 85' lang='lat' dir='ltr'>etsi</span> <span class='ocrx_word' id='word_1_94' title='bbox 511 1617 707 1700; x_wconf 87' lang='lat' dir='ltr'>paucitatem</span> <span class='ocrx_word' id='word_1_95' title='bbox 730 1616 969 1692; x_wconf 89' lang='lat' dir='ltr'>contemnebat,</span> <span class='ocrx_word' id='word_1_96' title='bbox 993 1618 1101 1680; x_wconf 87' lang='lat' dir='ltr'>tamon</span> <span class='ocrx_word' id='word_1_97' title='bbox 1131 1617 1343 1699; x_wconf 88' lang='lat' dir='ltr'>pertinaciam</span> <span class='ocrx_word' id='word_1_98' title='bbox 1372 1635 1492 1700; x_wconf 83' lang='lat' dir='ltr'>magna</span> 
     </span>
     <span class='ocr_line' id='line_1_13' title="bbox 259 1721 1493 1809; baseline -0.002 -19"><span class='ocrx_word' id='word_1_99' title='bbox 259 1744 361 1809; x_wconf 89' lang='lat' dir='ltr'>poena</span> <span class='ocrx_word' id='word_1_100' title='bbox 391 1743 460 1789; x_wconf 77' lang='lat' dir='ltr'>esse</span> <span class='ocrx_word' id='word_1_101' title='bbox 495 1723 694 1788; x_wconf 81' lang='lat' dir='ltr'>emerendam</span> <span class='ocrx_word' id='word_1_102' title='bbox 728 1722 904 1800; x_wconf 90' lang='lat' dir='ltr'>iudicabat,</span> <span class='ocrx_word' id='word_1_103' title='bbox 938 1741 978 1787; x_wconf 91' lang='lat' dir='ltr'>ne</span> <span class='ocrx_word' id='word_1_104' title='bbox 1012 1723 1162 1787; x_wconf 89' lang='lat' dir='ltr'>universa</span> <span class='ocrx_word' id='word_1_105' title='bbox 1190 1721 1297 1788; x_wconf 82' lang='lat' dir='ltr'>Gallia</span> <span class='ocrx_word' id='word_1_106' title='bbox 1331 1743 1399 1788; x_wconf 91' lang='lat' dir='ltr'>non</span> <span class='ocrx_word' id='word_1_107' title='bbox 1435 1725 1493 1788; x_wconf 90' lang='lat' dir='ltr'>sibi</span> 
     </span>
     <span class='ocr_line' id='line_1_14' title="bbox 259 1828 1492 1914; baseline -0.003 -16"><span class='ocrx_word' id='word_1_108' title='bbox 259 1833 343 1898; x_wconf 81' lang='lat' dir='ltr'>vires</span> <span class='ocrx_word' id='word_1_109' title='bbox 367 1830 505 1896; x_wconf 84' lang='lat' dir='ltr'>defuisse</span> <span class='ocrx_word' id='word_1_110' title='bbox 529 1829 569 1894; x_wconf 90' lang='lat' dir='ltr'>ad</span> <span class='ocrx_word' id='word_1_111' title='bbox 591 1829 806 1894; x_wconf 84' lang='lat' dir='ltr'>resistendum</span> <span class='ocrx_word' id='word_1_112' title='bbox 829 1829 995 1907; x_wconf 81' lang='lat' dir='ltr'>Romania,</span> <span class='ocrx_word' id='word_1_113' title='bbox 1025 1828 1081 1894; x_wconf 89' lang='lat' dir='ltr'>sed</span> <span class='ocrx_word' id='word_1_114' title='bbox 1104 1829 1320 1894; x_wconf 86' lang='lat' dir='ltr'>constantiam</span> <span class='ocrx_word' id='word_1_115' title='bbox 1352 1833 1492 1914; x_wconf 87' lang='lat' dir='ltr'>putaret,</span> 
     </span>
     <span class='ocr_line' id='line_1_15' title="bbox 259 1935 1492 2020; baseline 0 -18"><span class='ocrx_word' id='word_1_116' title='bbox 259 1957 338 2002; x_wconf 87' lang='lat' dir='ltr'>neve</span> <span class='ocrx_word' id='word_1_117' title='bbox 362 1938 422 2002; x_wconf 91' lang='lat' dir='ltr'>hoo</span> <span class='ocrx_word' id='word_1_118' title='bbox 446 1937 587 2020; x_wconf 82' lang='lat' dir='ltr'>exemplo</span> <span class='ocrx_word' id='word_1_119' title='bbox 617 1938 740 2001; x_wconf 88' lang='lat' dir='ltr'>ceterae</span> <span class='ocrx_word' id='word_1_120' title='bbox 771 1935 916 2000; x_wconf 84' lang='lat' dir='ltr'>civitates</span> <span class='ocrx_word' id='word_1_121' title='bbox 947 1936 1089 2000; x_wconf 89' lang='lat' dir='ltr'>locorum</span> <span class='ocrx_word' id='word_1_122' title='bbox 1119 1936 1361 2018; x_wconf 86' lang='lat' dir='ltr'>opportunitate</span> <span class='ocrx_word' id='word_1_123' title='bbox 1392 1937 1492 2002; x_wconf 77' lang='lat' dir='ltr'>fretae</span> 
     </span>
     <span class='ocr_line' id='line_1_16' title="bbox 236 2041 1492 2119; baseline 0.002 -13"><span class='ocrx_word' id='word_1_124' title='bbox 236 2062 295 2108; x_wconf 80' lang='lat' dir='ltr'>ase</span> <span class='ocrx_word' id='word_1_125' title='bbox 325 2042 522 2108; x_wconf 88' lang='lat' dir='ltr'>vindicarent</span> <span class='ocrx_word' id='word_1_126' title='bbox 549 2043 582 2106; x_wconf 94' lang='lat' dir='ltr'>in</span> <span class='ocrx_word' id='word_1_127' title='bbox 617 2043 814 2119; x_wconf 88' lang='lat' dir='ltr'>libertatem,</span> <span class='ocrx_word' id='word_1_128' title='bbox 849 2061 923 2106; x_wconf 91' lang='lat' dir='ltr'>cum</span> <span class='ocrx_word' id='word_1_129' title='bbox 957 2042 1102 2107; x_wconf 91' lang='lat' dir='ltr'>omnibus</span> <span class='ocrx_word' id='word_1_130' title='bbox 1134 2041 1235 2108; x_wconf 79' lang='lat' dir='ltr'>Gallis</span> <span class='ocrx_word' id='word_1_131' title='bbox 1269 2046 1388 2108; x_wconf 90' lang='lat' dir='ltr'>notum</span> <span class='ocrx_word' id='word_1_132' title='bbox 1425 2063 1492 2109; x_wconf 89' lang='lat' dir='ltr'>esse</span> 
     </span>
     <span class='ocr_line' id='line_1_17' title="bbox 260 2149 1495 2232; baseline 0 -17"><span class='ocrx_word' id='word_1_133' title='bbox 260 2149 356 2215; x_wconf 88' lang='lat' dir='ltr'>sciret</span> <span class='ocrx_word' id='word_1_134' title='bbox 386 2149 543 2231; x_wconf 90' lang='lat' dir='ltr'>reliquam</span> <span class='ocrx_word' id='word_1_135' title='bbox 572 2167 642 2214; x_wconf 85' lang='lat' dir='ltr'>esse</span> <span class='ocrx_word' id='word_1_136' title='bbox 672 2168 771 2213; x_wconf 92' lang='lat' dir='ltr'>unam</span> <span class='ocrx_word' id='word_1_137' title='bbox 802 2149 958 2214; x_wconf 85' lang='lat' dir='ltr'>aestatem</span> <span class='ocrx_word' id='word_1_138' title='bbox 993 2167 1069 2212; x_wconf 90' lang='lat' dir='ltr'>suae</span> <span class='ocrx_word' id='word_1_139' title='bbox 1098 2149 1294 2232; x_wconf 86' lang='lat' dir='ltr'>provinciae,</span> <span class='ocrx_word' id='word_1_140' title='bbox 1331 2169 1434 2231; x_wconf 89' lang='lat' dir='ltr'>quam</span> <span class='ocrx_word' id='word_1_141' title='bbox 1468 2151 1495 2215; x_wconf 91' lang='lat' dir='ltr'>si</span> 
     </span>
    </p>

    <p class='ocr_par' dir='ltr' id='par_1_5' title="bbox 234 2255 1493 2340">
     <span class='ocr_line' id='line_1_18' title="bbox 234 2255 1493 2340; baseline 0.003 -22"><span class='ocrx_word' id='word_1_142' title='bbox 234 2256 419 2322; x_wconf 75' lang='lat' dir='ltr'>rsnstinere</span> <span class='ocrx_word' id='word_1_143' title='bbox 441 2257 637 2340; x_wconf 89' lang='lat' dir='ltr'>potuissent,</span> <span class='ocrx_word' id='word_1_144' title='bbox 666 2257 792 2320; x_wconf 79' lang='lat' dir='ltr'>nudum</span> <span class='ocrx_word' id='word_1_145' title='bbox 823 2257 909 2320; x_wconf 83' lang='lat' dir='ltr'>ultra</span> <span class='ocrx_word' id='word_1_146' title='bbox 932 2255 1109 2338; x_wconf 89' lang='lat' dir='ltr'>periculum</span> <span class='ocrx_word' id='word_1_147' title='bbox 1133 2258 1329 2321; x_wconf 87' lang='lat' dir='ltr'>vererentur.</span> <span class='ocrx_word' id='word_1_148' title='bbox 1376 2257 1493 2340; x_wconf 88' lang='lat' dir='ltr'>Itaque</span> 
     </span>
    </p>

    <p class='ocr_par' dir='ltr' id='par_1_6' title="bbox 260 2362 1559 2644">
     <span class='ocr_line' id='line_1_19' title="bbox 260 2362 1559 2445; baseline -0.001 -16"><span class='ocrx_word' id='word_1_149' title='bbox 260 2362 297 2442; x_wconf 84' lang='lat' dir='ltr'>Q.</span> <span class='ocrx_word' id='word_1_150' title='bbox 321 2363 476 2429; x_wconf 83' lang='lat' dir='ltr'>Calenum</span> <span class='ocrx_word' id='word_1_151' title='bbox 498 2363 641 2444; x_wconf 82' lang='lat' dir='ltr'>legatum</span> <span class='ocrx_word' id='word_1_152' title='bbox 665 2381 738 2427; x_wconf 91' lang='lat' dir='ltr'>cum</span> <span class='ocrx_word' id='word_1_153' title='bbox 761 2362 937 2444; x_wconf 83' lang='lat' dir='ltr'>legionibus</span> <span class='ocrx_word' id='word_1_154' title='bbox 961 2362 1100 2445; x_wconf 87' lang='lat' dir='ltr'>reliquit,</span> <span class='ocrx_word' id='word_1_155' title='bbox 1125 2363 1180 2445; x_wconf 91' lang='lat' dir='ltr'>qui</span> <span class='ocrx_word' id='word_1_156' title='bbox 1202 2363 1297 2426; x_wconf 90' lang='lat' dir='ltr'>iustis</span> <span class='ocrx_word' id='word_1_157' title='bbox 1320 2363 1493 2428; x_wconf 89' lang='lat' dir='ltr'>itineribus</span> <span class='ocrx_word' id='word_1_158' title='bbox 1558 2399 1559 2428; x_wconf 58' lang='lat' dir='ltr'>r</span> 
     </span>
     <span class='ocr_line' id='line_1_20' title="bbox 260 2468 1559 2552; baseline -0.002 -16"><span class='ocrx_word' id='word_1_159' title='bbox 260 2488 295 2536; x_wconf 87' lang='lat' dir='ltr'>se</span> <span class='ocrx_word' id='word_1_160' title='bbox 319 2471 582 2551; x_wconf 86' lang='lat' dir='ltr'>subsequeretur;</span> <span class='ocrx_word' id='word_1_161' title='bbox 605 2469 672 2552; x_wconf 89' lang='lat' dir='ltr'>ipse</span> <span class='ocrx_word' id='word_1_162' title='bbox 696 2487 770 2534; x_wconf 90' lang='lat' dir='ltr'>cum</span> <span class='ocrx_word' id='word_1_163' title='bbox 794 2468 879 2533; x_wconf 89' lang='lat' dir='ltr'>omui</span> <span class='ocrx_word' id='word_1_164' title='bbox 902 2469 1049 2550; x_wconf 84' lang='lat' dir='ltr'>equitatu</span> <span class='ocrx_word' id='word_1_165' title='bbox 1074 2487 1171 2552; x_wconf 91' lang='lat' dir='ltr'>quam</span> <span class='ocrx_word' id='word_1_166' title='bbox 1193 2471 1301 2551; x_wconf 88' lang='lat' dir='ltr'>potest</span> <span class='ocrx_word' id='word_1_167' title='bbox 1325 2471 1493 2535; x_wconf 89' lang='lat' dir='ltr'>celerrime</span> <span class='ocrx_word' id='word_1_168' title='bbox 1558 2479 1559 2542; x_wconf 71' lang='lat'>,</span> 
     </span>
     <span class='ocr_line' id='line_1_21' title="bbox 261 2571 1559 2644; baseline -0.008 -1"><span class='ocrx_word' id='word_1_169' title='bbox 261 2577 302 2644; x_wconf 86' lang='lat' dir='ltr'>ad</span> <span class='ocrx_word' id='word_1_170' title='bbox 326 2576 495 2642; x_wconf 82' lang='lat' dir='ltr'>Caninium</span> <span class='ocrx_word' id='word_1_171' title='bbox 519 2576 689 2641; x_wconf 84' lang='lat' dir='ltr'>contendit.</span> <span class='ocrx_word' id='word_1_172' title='bbox 1558 2571 1559 2596; x_wconf 67' lang='lat'>¹</span> 
     </span>
    </p>
   </div>
   <div class='ocr_carea' id='block_1_3' title="bbox 260 2839 1495 3252">
    <p class='ocr_par' dir='ltr' id='par_1_7' title="bbox 260 2839 1495 3252">
     <span class='ocr_line' id='line_1_22' title="bbox 260 2839 1492 2909; baseline -0.001 -12"><span class='ocrx_word' id='word_1_173' title='bbox 260 2859 322 2909; x_wconf 88' lang='lat' dir='ltr'>ans,</span> <span class='ocrx_word' id='word_1_174' title='bbox 348 2841 406 2896; x_wconf 78' lang='lat' dir='ltr'>dass</span> <span class='ocrx_word' id='word_1_175' title='bbox 429 2842 467 2896; x_wconf 88' lang='lat' dir='ltr'>sie</span> <span class='ocrx_word' id='word_1_176' title='bbox 489 2841 572 2895; x_wconf 82' lang='lat' dir='ltr'>durch</span> <span class='ocrx_word' id='word_1_177' title='bbox 591 2840 662 2894; x_wconf 84' lang='lat' dir='ltr'>disse</span> <span class='ocrx_word' id='word_1_178' title='bbox 680 2839 751 2894; x_wconf 82' lang='lat' dir='ltr'>That</span> <span class='ocrx_word' id='word_1_179' title='bbox 769 2841 824 2895; x_wconf 85' lang='lat' dir='ltr'>sich</span> <span class='ocrx_word' id='word_1_180' title='bbox 843 2841 899 2894; x_wconf 89' lang='lat' dir='ltr'>eine</span> <span class='ocrx_word' id='word_1_181' title='bbox 917 2839 1015 2894; x_wconf 81' lang='lat' dir='ltr'>Schnld</span> <span class='ocrx_word' id='word_1_182' title='bbox 1033 2841 1187 2909; x_wconf 83' lang='lat' dir='ltr'>anfgeladen</span> <span class='ocrx_word' id='word_1_183' title='bbox 1205 2841 1299 2895; x_wconf 90' lang='lat' dir='ltr'>haben.</span> <span class='ocrx_word' id='word_1_184' title='bbox 1326 2868 1361 2879; x_wconf 91' lang='lat'>-</span> <span class='ocrx_word' id='word_1_185' title='bbox 1386 2842 1492 2909; x_wconf 77' lang='lat' dir='ltr'>timere]</span> 
     </span>
     <span class='ocr_line' id='line_1_23' title="bbox 260 2929 1494 2999; baseline -0.002 -13"><span class='ocrx_word' id='word_1_186' title='bbox 260 2931 322 2986; x_wconf 88' lang='lat' dir='ltr'>Anl.</span> <span class='ocrx_word' id='word_1_187' title='bbox 342 2929 374 2985; x_wconf 91' lang='lat' dir='ltr'>U.</span> <span class='ocrx_word' id='word_1_188' title='bbox 398 2961 432 2970; x_wconf 96' lang='lat'>-</span> <span class='ocrx_word' id='word_1_189' title='bbox 453 2930 608 2999; x_wconf 67' lang='lat' dir='ltr'>principem</span> <span class='ocrx_word' id='word_1_190' title='bbox 627 2930 744 2997; x_wconf 74' lang='lat' dir='ltr'>secteris]</span> <span class='ocrx_word' id='word_1_191' title='bbox 762 2929 951 2984; x_wconf 79' lang='lat' dir='ltr'>thelsiiihrer</span> <span class='ocrx_word' id='word_1_192' title='bbox 968 2929 1010 2983; x_wconf 90' lang='lat' dir='ltr'>bei</span> <span class='ocrx_word' id='word_1_193' title='bbox 1028 2929 1087 2983; x_wconf 92' lang='lat' dir='ltr'>dem</span> <span class='ocrx_word' id='word_1_194' title='bbox 1105 2929 1269 2983; x_wconf 81' lang='lat' dir='ltr'>Verbreehen</span> <span class='ocrx_word' id='word_1_195' title='bbox 1287 2929 1372 2984; x_wconf 81' lang='lat' dir='ltr'>haifst</span> <span class='ocrx_word' id='word_1_196' title='bbox 1390 2947 1422 2984; x_wconf 91' lang='lat' dir='ltr'>er</span> <span class='ocrx_word' id='word_1_197' title='bbox 1439 2931 1494 2984; x_wconf 90' lang='lat' dir='ltr'>des·</span> 
     </span>
     <span class='ocr_line' id='line_1_24' title="bbox 260 3017 1495 3087; baseline -0.001 -13"><span class='ocrx_word' id='word_1_198' title='bbox 260 3020 332 3086; x_wconf 85' lang='lat' dir='ltr'>halb,</span> <span class='ocrx_word' id='word_1_199' title='bbox 351 3019 409 3073; x_wconf 88' lang='lat' dir='ltr'>weil</span> <span class='ocrx_word' id='word_1_200' title='bbox 420 3021 457 3072; x_wconf 66' lang='lat' dir='ltr'>&#39;er</span> <span class='ocrx_word' id='word_1_201' title='bbox 474 3018 521 3072; x_wconf 89' lang='lat' dir='ltr'>der</span> <span class='ocrx_word' id='word_1_202' title='bbox 538 3018 670 3072; x_wconf 83' lang='lat' dir='ltr'>Anatifter</span> <span class='ocrx_word' id='word_1_203' title='bbox 688 3019 734 3072; x_wconf 88' lang='lat' dir='ltr'>des</span> <span class='ocrx_word' id='word_1_204' title='bbox 751 3017 846 3087; x_wconf 84' lang='lat' dir='ltr'>Kriegs</span> <span class='ocrx_word' id='word_1_205' title='bbox 864 3034 982 3087; x_wconf 52' lang='lat' dir='ltr'>maresan</span> <span class='ocrx_word' id='word_1_206' title='bbox 1000 3035 1061 3072; x_wconf 85' lang='lat' dir='ltr'>war.</span> <span class='ocrx_word' id='word_1_207' title='bbox 1086 3047 1120 3057; x_wconf 89' lang='lat'><em>-</em></span> <span class='ocrx_word' id='word_1_208' title='bbox 1144 3018 1315 3086; x_wconf 68' lang='lat' dir='ltr'>Gumataw]</span> <span class='ocrx_word' id='word_1_209' title='bbox 1334 3019 1421 3073; x_wconf 82' lang='lat' dir='ltr'>haifst</span> <span class='ocrx_word' id='word_1_210' title='bbox 1438 3020 1495 3073; x_wconf 90' lang='lat' dir='ltr'>hier</span> 
     </span>
     <span class='ocr_line' id='line_1_25' title="bbox 260 3105 1494 3176; baseline -0.001 -13"><span class='ocrx_word' id='word_1_211' title='bbox 260 3109 308 3163; x_wconf 91' lang='lat' dir='ltr'>dor</span> <span class='ocrx_word' id='word_1_212' title='bbox 326 3108 384 3176; x_wconf 88' lang='lat' dir='ltr'>VH,</span> <span class='ocrx_word' id='word_1_213' title='bbox 403 3109 430 3176; x_wconf 88' lang='grc'>3,</span> <span class='ocrx_word' id='word_1_214' title='bbox 449 3108 464 3161; x_wconf 96' lang='grc'>1</span> <span class='ocrx_word' id='word_1_215' title='bbox 485 3107 622 3163; x_wconf 65' lang='lat' dir='ltr'>Coactus</span> <span class='ocrx_word' id='word_1_216' title='bbox 638 3111 770 3175; x_wconf 86' lang='lat' dir='ltr'>genannte</span> <span class='ocrx_word' id='word_1_217' title='bbox 789 3105 896 3162; x_wconf 88' lang='lat' dir='ltr'>Gallier.</span> <span class='ocrx_word' id='word_1_218' title='bbox 916 3135 949 3146; x_wconf 86' lang='lat'>-</span> <span class='ocrx_word' id='word_1_219' title='bbox 972 3107 1010 3161; x_wconf 81' lang='lat' dir='ltr'>ad</span> <span class='ocrx_word' id='word_1_220' title='bbox 1027 3106 1209 3176; x_wconf 67' lang='lat' dir='ltr'>supplicem]</span> <span class='ocrx_word' id='word_1_221' title='bbox 1228 3124 1294 3174; x_wconf 93' lang='lat' dir='ltr'>„nm</span> <span class='ocrx_word' id='word_1_222' title='bbox 1311 3107 1360 3162; x_wconf 87' lang='lat' dir='ltr'>ihn</span> <span class='ocrx_word' id='word_1_223' title='bbox 1377 3108 1494 3162; x_wconf 81' lang='lat' dir='ltr'>hinricb·</span> 
     </span>
     <span class='ocr_line' id='line_1_26' title="bbox 261 3197 497 3252; baseline -0.004 0"><span class='ocrx_word' id='word_1_224' title='bbox 261 3203 307 3252; x_wconf 88' lang='lat' dir='ltr'>ten</span> <span class='ocrx_word' id='word_1_225' title='bbox 326 3214 359 3252; x_wconf 84' lang='lat' dir='ltr'>au</span> <span class='ocrx_word' id='word_1_226' title='bbox 376 3197 497 3252; x_wconf 87' lang='lat' dir='ltr'>lassen“.</span> 
     </span>
    </p>
   </div>
   <div class='ocr_carea' id='block_1_4' title="bbox 261 3301 1559 3902">
    <p class='ocr_par' dir='ltr' id='par_1_8' title="bbox 261 3301 1559 3902">
     <span class='ocr_line' id='line_1_27' title="bbox 334 3301 1495 3372; baseline 0.001 -15"><span class='ocrx_word' id='word_1_227' title='bbox 334 3316 389 3357; x_wconf 74' lang='lat' dir='ltr'>su.</span> <span class='ocrx_word' id='word_1_228' title='bbox 406 3305 428 3358; x_wconf 80' lang='lat' dir='ltr'>a.</span> <span class='ocrx_word' id='word_1_229' title='bbox 448 3301 529 3372; x_wconf 69' lang='lat' dir='ltr'>caud]</span> <span class='ocrx_word' id='word_1_230' title='bbox 548 3305 646 3358; x_wconf 80' lang='lat' dir='ltr'>arsetas</span> <span class='ocrx_word' id='word_1_231' title='bbox 664 3302 748 3356; x_wconf 79' lang='lat' dir='ltr'>durch</span> <span class='ocrx_word' id='word_1_232' title='bbox 766 3301 893 3370; x_wconf 84' lang='lat' dir='ltr'>„eisrig“.</span> <span class='ocrx_word' id='word_1_233' title='bbox 918 3329 951 3338; x_wconf 92' lang='lat'><em>-</em></span> <span class='ocrx_word' id='word_1_234' title='bbox 974 3302 1023 3372; x_wconf 67' lang='lat' dir='ltr'>pua·</span> <span class='ocrx_word' id='word_1_235' title='bbox 1102 3301 1271 3371; x_wconf 72' lang='lat' dir='ltr'>reserabant]</span> <span class='ocrx_word' id='word_1_236' title='bbox 1295 3301 1333 3356; x_wconf 86' lang='lat' dir='ltr'>Es</span> <span class='ocrx_word' id='word_1_237' title='bbox 1351 3303 1420 3372; x_wconf 80' lang='lat' dir='ltr'>iicgt</span> <span class='ocrx_word' id='word_1_238' title='bbox 1437 3304 1495 3358; x_wconf 88' lang='lat' dir='ltr'>hier</span> 
     </span>
     <span class='ocr_line' id='line_1_28' title="bbox 261 3390 1494 3460; baseline 0.001 -14"><span class='ocrx_word' id='word_1_239' title='bbox 261 3392 337 3446; x_wconf 88' lang='lat' dir='ltr'>nicht</span> <span class='ocrx_word' id='word_1_240' title='bbox 355 3391 396 3445; x_wconf 84' lang='lat' dir='ltr'>dio</span> <span class='ocrx_word' id='word_1_241' title='bbox 414 3391 562 3445; x_wconf 83' lang='lat' dir='ltr'>Radsnsart</span> <span class='ocrx_word' id='word_1_242' title='bbox 579 3408 625 3444; x_wconf 88' lang='lat' dir='ltr'>ror</span> <span class='ocrx_word' id='word_1_243' title='bbox 643 3391 692 3446; x_wconf 84' lang='lat' dir='ltr'>hoc</span> <span class='ocrx_word' id='word_1_244' title='bbox 711 3391 763 3445; x_wconf 81' lang='lat' dir='ltr'>tabi</span> <span class='ocrx_word' id='word_1_245' title='bbox 781 3395 925 3460; x_wconf 78' lang='lat' dir='ltr'>acceptum</span> <span class='ocrx_word' id='word_1_246' title='bbox 942 3390 1046 3458; x_wconf 72' lang='lat' dir='ltr'>resero,</span> <span class='ocrx_word' id='word_1_247' title='bbox 1071 3390 1139 3457; x_wconf 84' lang='lat' dir='ltr'>,‚das</span> <span class='ocrx_word' id='word_1_248' title='bbox 1158 3390 1274 3444; x_wconf 85' lang='lat' dir='ltr'>schreibe</span> <span class='ocrx_word' id='word_1_249' title='bbox 1292 3391 1335 3444; x_wconf 84' lang='lat' dir='ltr'>ich</span> <span class='ocrx_word' id='word_1_250' title='bbox 1354 3392 1403 3446; x_wconf 76' lang='lat' dir='ltr'>auf</span> <span class='ocrx_word' id='word_1_251' title='bbox 1419 3393 1494 3447; x_wconf 88' lang='lat' dir='ltr'>deine</span> 
     </span>
     <span class='ocr_line' id='line_1_29' title="bbox 262 3478 1495 3552; baseline 0.002 -18"><span class='ocrx_word' id='word_1_252' title='bbox 262 3479 409 3548; x_wconf 81' lang='lat' dir='ltr'>Raobnnng</span> <span class='ocrx_word' id='word_1_253' title='bbox 422 3480 462 3534; x_wconf 85' lang='lat' dir='ltr'>als</span> <span class='ocrx_word' id='word_1_254' title='bbox 476 3480 629 3552; x_wconf 80' lang='lat' dir='ltr'>empiangen</span> <span class='ocrx_word' id='word_1_255' title='bbox 644 3503 676 3522; x_wconf 93' lang='lat'>=</span> <span class='ocrx_word' id='word_1_256' title='bbox 692 3479 739 3532; x_wconf 89' lang='lat' dir='ltr'>das</span> <span class='ocrx_word' id='word_1_257' title='bbox 758 3479 874 3532; x_wconf 86' lang='lat' dir='ltr'>schreibe</span> <span class='ocrx_word' id='word_1_258' title='bbox 892 3479 936 3532; x_wconf 91' lang='lat' dir='ltr'>ich</span> <span class='ocrx_word' id='word_1_259' title='bbox 954 3479 995 3532; x_wconf 93' lang='lat' dir='ltr'>dir</span> <span class='ocrx_word' id='word_1_260' title='bbox 1014 3480 1076 3546; x_wconf 84' lang='lat' dir='ltr'>an“,</span> <span class='ocrx_word' id='word_1_261' title='bbox 1096 3479 1208 3534; x_wconf 86' lang='lat' dir='ltr'>sondern</span> <span class='ocrx_word' id='word_1_262' title='bbox 1220 3478 1326 3546; x_wconf 76' lang='lat' dir='ltr'>referre</span> <span class='ocrx_word' id='word_1_263' title='bbox 1339 3480 1424 3534; x_wconf 86' lang='lat' dir='ltr'>heisst</span> <span class='ocrx_word' id='word_1_264' title='bbox 1437 3482 1495 3536; x_wconf 89' lang='lat' dir='ltr'>hier</span> 
     </span>
     <span class='ocr_line' id='line_1_30' title="bbox 264 3558 1559 3636; baseline 0.003 -16"><span class='ocrx_word' id='word_1_265' title='bbox 264 3558 449 3636; x_wconf 81' lang='lat' dir='ltr'>‚‚vorbringen,</span> <span class='ocrx_word' id='word_1_266' title='bbox 468 3569 610 3623; x_wconf 80' lang='lat' dir='ltr'>erza&#39;blen“</span> <span class='ocrx_word' id='word_1_267' title='bbox 629 3568 683 3622; x_wconf 90' lang='lat' dir='ltr'>und</span> <span class='ocrx_word' id='word_1_268' title='bbox 702 3568 727 3624; x_wconf 83' lang='lat' dir='ltr'>ci</span> <span class='ocrx_word' id='word_1_269' title='bbox 746 3567 850 3622; x_wconf 84' lang='lat' dir='ltr'>benieht</span> <span class='ocrx_word' id='word_1_270' title='bbox 867 3567 923 3621; x_wconf 84' lang='lat' dir='ltr'>sich</span> <span class='ocrx_word' id='word_1_271' title='bbox 937 3567 984 3622; x_wconf 87' lang='lat' dir='ltr'>auf</span> <span class='ocrx_word' id='word_1_272' title='bbox 995 3567 1083 3635; x_wconf 68' lang='lat' dir='ltr'>Casan,</span> <span class='ocrx_word' id='word_1_273' title='bbox 1103 3568 1162 3622; x_wconf 85' lang='lat' dir='ltr'>dem</span> <span class='ocrx_word' id='word_1_274' title='bbox 1180 3568 1222 3622; x_wconf 89' lang='lat' dir='ltr'>die</span> <span class='ocrx_word' id='word_1_275' title='bbox 1236 3568 1363 3624; x_wconf 80' lang='lat' dir='ltr'>Soldaten</span> <span class='ocrx_word' id='word_1_276' title='bbox 1381 3571 1434 3624; x_wconf 87' lang='lat' dir='ltr'>alle</span> <span class='ocrx_word' id='word_1_277' title='bbox 1453 3571 1495 3626; x_wconf 85' lang='lat' dir='ltr'>die</span> <span class='ocrx_word' id='word_1_278' title='bbox 1558 3587 1559 3596; x_wconf 56' lang='lat'>¹</span> 
     </span>
     <span class='ocr_line' id='line_1_31' title="bbox 264 3655 1494 3724; baseline 0.003 -14"><span class='ocrx_word' id='word_1_279' title='bbox 264 3655 394 3712; x_wconf 85' lang='lat' dir='ltr'>Gaiahren</span> <span class='ocrx_word' id='word_1_280' title='bbox 412 3657 466 3710; x_wconf 90' lang='lat' dir='ltr'>und</span> <span class='ocrx_word' id='word_1_281' title='bbox 484 3656 631 3723; x_wconf 85' lang='lat' dir='ltr'>Nachteile,</span> <span class='ocrx_word' id='word_1_282' title='bbox 651 3673 685 3710; x_wconf 88' lang='lat' dir='ltr'>an</span> <span class='ocrx_word' id='word_1_283' title='bbox 703 3655 786 3710; x_wconf 87' lang='lat' dir='ltr'>denen</span> <span class='ocrx_word' id='word_1_284' title='bbox 802 3656 877 3724; x_wconf 84' lang='lat' dir='ltr'>jener</span> <span class='ocrx_word' id='word_1_285' title='bbox 895 3655 989 3710; x_wconf 88' lang='lat' dir='ltr'>schuld</span> <span class='ocrx_word' id='word_1_286' title='bbox 1006 3656 1052 3723; x_wconf 89' lang='lat' dir='ltr'>ist,</span> <span class='ocrx_word' id='word_1_287' title='bbox 1072 3657 1247 3712; x_wconf 75' lang='lat' dir='ltr'>vorarathlen.</span> <span class='ocrx_word' id='word_1_288' title='bbox 1283 3657 1349 3712; x_wconf 88' lang='lat' dir='ltr'>Dies</span> <span class='ocrx_word' id='word_1_289' title='bbox 1368 3659 1439 3714; x_wconf 90' lang='lat' dir='ltr'>thnn</span> <span class='ocrx_word' id='word_1_290' title='bbox 1457 3661 1494 3714; x_wconf 85' lang='lat' dir='ltr'>sie</span> 
     </span>
     <span class='ocr_line' id='line_1_32' title="bbox 264 3744 1495 3817; baseline 0.002 -17"><span class='ocrx_word' id='word_1_291' title='bbox 264 3745 346 3814; x_wconf 83' lang='lat' dir='ltr'>adeo,</span> <span class='ocrx_word' id='word_1_292' title='bbox 365 3744 423 3799; x_wconf 84' lang='lat' dir='ltr'>daia</span> <span class='ocrx_word' id='word_1_293' title='bbox 441 3763 470 3800; x_wconf 88' lang='lat' dir='ltr'>er</span> <span class='ocrx_word' id='word_1_294' title='bbox 486 3746 566 3800; x_wconf 88' lang='lat' dir='ltr'>ihnen</span> <span class='ocrx_word' id='word_1_295' title='bbox 584 3745 729 3800; x_wconf 83' lang='lat' dir='ltr'>willfabren</span> <span class='ocrx_word' id='word_1_296' title='bbox 747 3745 824 3800; x_wconf 85' lang='lat' dir='ltr'>mnis.</span> <span class='ocrx_word' id='word_1_297' title='bbox 851 3774 884 3784; x_wconf 89' lang='lat'>-</span> <span class='ocrx_word' id='word_1_298' title='bbox 909 3750 942 3800; x_wconf 80' lang='lat' dir='ltr'>ut</span> <span class='ocrx_word' id='word_1_299' title='bbox 1022 3756 1123 3816; x_wconf 71' lang='lat' dir='ltr'>corpas</span> <span class='ocrx_word' id='word_1_300' title='bbox 1139 3747 1230 3802; x_wconf 68' lang='lat' dir='ltr'>saaca·</span> <span class='ocrx_word' id='word_1_301' title='bbox 1247 3746 1396 3817; x_wconf 75' lang='lat' dir='ltr'>feriretur]</span> <span class='ocrx_word' id='word_1_302' title='bbox 1424 3749 1495 3814; x_wconf 86' lang='lat' dir='ltr'>„mit</span> 
     </span>
     <span class='ocr_line' id='line_1_33' title="bbox 264 3832 1559 3902; baseline 0.005 -16"><span class='ocrx_word' id='word_1_303' title='bbox 264 3833 322 3887; x_wconf 91' lang='lat' dir='ltr'>dem</span> <span class='ocrx_word' id='word_1_304' title='bbox 340 3833 398 3888; x_wconf 87' lang='lat' dir='ltr'>Beil</span> <span class='ocrx_word' id='word_1_305' title='bbox 416 3834 587 3889; x_wconf 81' lang='lat' dir='ltr'>hirrichten“</span> <span class='ocrx_word' id='word_1_306' title='bbox 606 3833 644 3888; x_wconf 90' lang='lat' dir='ltr'>ist</span> <span class='ocrx_word' id='word_1_307' title='bbox 662 3833 708 3888; x_wconf 89' lang='lat' dir='ltr'>der</span> <span class='ocrx_word' id='word_1_308' title='bbox 725 3834 849 3888; x_wconf 84' lang='lat' dir='ltr'>amtliche</span> <span class='ocrx_word' id='word_1_309' title='bbox 867 3832 1020 3900; x_wconf 81' lang='lat' dir='ltr'>Ansdruclr3</span> <span class='ocrx_word' id='word_1_310' title='bbox 1040 3850 1140 3902; x_wconf 79' lang='lat' dir='ltr'>corpus</span> <span class='ocrx_word' id='word_1_311' title='bbox 1158 3835 1242 3889; x_wconf 87' lang='lat' dir='ltr'>bleibt</span> <span class='ocrx_word' id='word_1_312' title='bbox 1259 3836 1442 3892; x_wconf 84' lang='lat' dir='ltr'>nniibersatzt.</span> <span class='ocrx_word' id='word_1_313' title='bbox 1558 3861 1559 3870; x_wconf 21' lang='grc' dir='ltr'><strong>ἱ</strong></span> 
     </span>
    </p>
   </div>
   <div class='ocr_carea' id='block_1_5' title="bbox 264 3938 1559 4474">
    <p class='ocr_par' dir='ltr' id='par_1_9' title="bbox 265 3938 1559 4100">
     <span class='ocr_line' id='line_1_34' title="bbox 335 3938 1559 4014; baseline 0.004 -19"><span class='ocrx_word' id='word_1_314' title='bbox 335 3938 413 4008; x_wconf 80' lang='lat' dir='ltr'>Kap.</span> <span class='ocrx_word' id='word_1_315' title='bbox 432 3939 484 3996; x_wconf 76' lang='grc'>39.</span> <span class='ocrx_word' id='word_1_316' title='bbox 525 3954 575 3996; x_wconf 81' lang='grc' dir='ltr'>ιιι.</span> <span class='ocrx_word' id='word_1_317' title='bbox 592 3951 616 3995; x_wconf 76' lang='lat' dir='ltr'>a.</span> <span class='ocrx_word' id='word_1_318' title='bbox 635 3939 668 3994; x_wconf 84' lang='lat' dir='ltr'>de</span> <span class='ocrx_word' id='word_1_319' title='bbox 686 3940 841 4010; x_wconf 74' lang='lat' dir='ltr'>Drappete]</span> <span class='ocrx_word' id='word_1_320' title='bbox 860 3941 931 3996; x_wconf 83' lang='lat' dir='ltr'>nhnl.</span> <span class='ocrx_word' id='word_1_321' title='bbox 951 3941 998 3995; x_wconf 85' lang='lat' dir='ltr'>wie</span> <span class='ocrx_word' id='word_1_322' title='bbox 1011 3941 1070 4007; x_wconf 86' lang='lat' dir='ltr'>VH,</span> <span class='ocrx_word' id='word_1_323' title='bbox 1085 3942 1140 4009; x_wconf 82' lang='lat' dir='ltr'>a‚1</span> <span class='ocrx_word' id='word_1_324' title='bbox 1161 3941 1194 3996; x_wconf 75' lang='lat' dir='ltr'>da</span> <span class='ocrx_word' id='word_1_325' title='bbox 1215 3942 1445 4014; x_wconf 70' lang='lat' dir='ltr'>Varctapcton‘oe.</span> <span class='ocrx_word' id='word_1_326' title='bbox 1460 3975 1493 3983; x_wconf 97' lang='lat'>-</span> <span class='ocrx_word' id='word_1_327' title='bbox 1558 3989 1559 4014; x_wconf 84' lang='lat'>,</span> 
     </span>
     <span class='ocr_line' id='line_1_35' title="bbox 265 4028 615 4100; baseline -0.006 -16"><span class='ocrx_word' id='word_1_328' title='bbox 265 4029 443 4096; x_wconf 68' lang='lat' dir='ltr'>mmmm]</span> <span class='ocrx_word' id='word_1_329' title='bbox 461 4028 527 4100; x_wconf 87' lang='lat' dir='ltr'>Kap.</span> <span class='ocrx_word' id='word_1_330' title='bbox 545 4031 571 4096; x_wconf 89' lang='grc'>8,</span> <span class='ocrx_word' id='word_1_331' title='bbox 590 4030 615 4084; x_wconf 91' lang='grc'>1.</span> 
     </span>
    </p>

    <p class='ocr_par' dir='ltr' id='par_1_10' title="bbox 264 4135 1493 4474">
     <span class='ocr_line' id='line_1_36' title="bbox 339 4135 1493 4209; baseline 0.004 -21"><span class='ocrx_word' id='word_1_332' title='bbox 339 4146 352 4188; x_wconf 81' lang='lat' dir='ltr'>a</span> <span class='ocrx_word' id='word_1_333' title='bbox 367 4151 390 4184; x_wconf 91' lang='lat' dir='ltr'>n.</span> <span class='ocrx_word' id='word_1_334' title='bbox 406 4147 430 4188; x_wconf 76' lang='lat'>4.</span> <span class='ocrx_word' id='word_1_335' title='bbox 450 4151 510 4190; x_wconf 77' lang='lat' dir='ltr'>cum</span> <span class='ocrx_word' id='word_1_336' title='bbox 575 4135 668 4203; x_wconf 67' lang='lat' dir='ltr'>acuet]</span> <span class='ocrx_word' id='word_1_337' title='bbox 686 4135 831 4189; x_wconf 74' lang='lat' dir='ltr'>vernandle</span> <span class='ocrx_word' id='word_1_338' title='bbox 844 4135 872 4189; x_wconf 91' lang='lat' dir='ltr'>in</span> <span class='ocrx_word' id='word_1_339' title='bbox 886 4135 961 4190; x_wconf 87' lang='lat' dir='ltr'>einen</span> <span class='ocrx_word' id='word_1_340' title='bbox 975 4135 1177 4204; x_wconf 79' lang='lat' dir='ltr'>bogrdndenden</span> <span class='ocrx_word' id='word_1_341' title='bbox 1190 4136 1357 4208; x_wconf 84' lang='lat' dir='ltr'>Hanptsata!</span> <span class='ocrx_word' id='word_1_342' title='bbox 1378 4169 1412 4178; x_wconf 93' lang='lat'>-</span> <span class='ocrx_word' id='word_1_343' title='bbox 1427 4155 1493 4209; x_wconf 77' lang='lat' dir='ltr'>pro·</span> 
     </span>
     <span class='ocr_line' id='line_1_37' title="bbox 264 4221 1492 4296; baseline 0.002 -18"><span class='ocrx_word' id='word_1_344' title='bbox 264 4222 367 4292; x_wconf 64' lang='lat' dir='ltr'>abac]</span> <span class='ocrx_word' id='word_1_345' title='bbox 383 4221 604 4292; x_wconf 77' lang='lat' dir='ltr'>„Amtsffihrung,</span> <span class='ocrx_word' id='word_1_346' title='bbox 618 4223 896 4278; x_wconf 83' lang='lat' dir='ltr'>Stattheitarschaft“.</span> <span class='ocrx_word' id='word_1_347' title='bbox 917 4253 950 4262; x_wconf 92' lang='lat'><em>-</em></span> <span class='ocrx_word' id='word_1_348' title='bbox 968 4241 1053 4293; x_wconf 73' lang='lat' dir='ltr'>quom</span> <span class='ocrx_word' id='word_1_349' title='bbox 1065 4225 1091 4281; x_wconf 76' lang='lat' dir='ltr'>ai</span> <span class='ocrx_word' id='word_1_350' title='bbox 1103 4225 1241 4280; x_wconf 66' lang='lat' dir='ltr'>cattam</span> <span class='ocrx_word' id='word_1_351' title='bbox 1253 4228 1424 4296; x_wconf 59' lang='lat' dir='ltr'>potum]</span> <span class='ocrx_word' id='word_1_352' title='bbox 1443 4229 1492 4296; x_wconf 75' lang='lat' dir='ltr'>vgl.</span> 
     </span>
     <span class='ocr_line' id='line_1_38' title="bbox 265 4310 1492 4382; baseline 0.005 -18"><span class='ocrx_word' id='word_1_353' title='bbox 265 4310 331 4382; x_wconf 87' lang='lat' dir='ltr'>Kap.</span> <span class='ocrx_word' id='word_1_354' title='bbox 351 4312 394 4378; x_wconf 82' lang='lat'>33,</span> <span class='ocrx_word' id='word_1_355' title='bbox 413 4311 428 4364; x_wconf 88' lang='lat'>1</span> <span class='ocrx_word' id='word_1_356' title='bbox 453 4327 526 4380; x_wconf 72' lang='lat' dir='ltr'>pace</span> <span class='ocrx_word' id='word_1_357' title='bbox 543 4313 568 4367; x_wconf 81' lang='lat' dir='ltr'>et</span> <span class='ocrx_word' id='word_1_358' title='bbox 648 4319 824 4368; x_wconf 76' lang='lat' dir='ltr'>cortarcatar.</span> <span class='ocrx_word' id='word_1_359' title='bbox 860 4312 946 4367; x_wconf 82' lang='lat' dir='ltr'>Unter</span> <span class='ocrx_word' id='word_1_360' title='bbox 964 4314 1022 4367; x_wconf 89' lang='lat' dir='ltr'>dem</span> <span class='ocrx_word' id='word_1_361' title='bbox 1040 4313 1169 4382; x_wconf 85' lang='lat' dir='ltr'>Sommsr,</span> <span class='ocrx_word' id='word_1_362' title='bbox 1195 4314 1244 4368; x_wconf 90' lang='lat' dir='ltr'>den</span> <span class='ocrx_word' id='word_1_363' title='bbox 1263 4332 1292 4370; x_wconf 86' lang='lat' dir='ltr'>es</span> <span class='ocrx_word' id='word_1_364' title='bbox 1311 4317 1492 4382; x_wconf 80' lang='lat' dir='ltr'>ansanbalten,</span> 
     </span>
     <span class='ocr_line' id='line_1_39' title="bbox 267 4399 1400 4474; baseline 0.007 -21"><span class='ocrx_word' id='word_1_365' title='bbox 267 4416 299 4454; x_wconf 82' lang='lat' dir='ltr'>ru</span> <span class='ocrx_word' id='word_1_366' title='bbox 316 4399 473 4454; x_wconf 82' lang='lat' dir='ltr'>tiberstohsn</span> <span class='ocrx_word' id='word_1_367' title='bbox 491 4401 551 4468; x_wconf 80' lang='lat' dir='ltr'>gilt,</span> <span class='ocrx_word' id='word_1_368' title='bbox 569 4401 607 4454; x_wconf 86' lang='lat' dir='ltr'>ist</span> <span class='ocrx_word' id='word_1_369' title='bbox 623 4401 756 4454; x_wconf 83' lang='lat' dir='ltr'>nattirlieh</span> <span class='ocrx_word' id='word_1_370' title='bbox 774 4402 820 4455; x_wconf 86' lang='lat' dir='ltr'>der</span> <span class='ocrx_word' id='word_1_371' title='bbox 837 4400 935 4473; x_wconf 82' lang='lat' dir='ltr'>Kampf</span> <span class='ocrx_word' id='word_1_372' title='bbox 950 4403 1074 4462; x_wconf 71' lang='lat' dir='ltr'>wibrend</span> <span class='ocrx_word' id='word_1_373' title='bbox 1092 4402 1178 4458; x_wconf 73' lang='lat' dir='ltr'>dieser</span> <span class='ocrx_word' id='word_1_374' title='bbox 1196 4403 1254 4458; x_wconf 75' lang='lat' dir='ltr'>zac</span> <span class='ocrx_word' id='word_1_375' title='bbox 1272 4405 1400 4474; x_wconf 82' lang='lat' dir='ltr'>gemcint</span> 
     </span>
    </p>
   </div>
   <div class='ocr_carea' id='block_1_6' title="bbox 0 0 1585 4928">
    <p class='ocr_par' dir='ltr' id='par_1_11' title="bbox 0 0 1585 4928">
     <span class='ocr_line' id='line_1_40' title="bbox 0 0 1585 4928; baseline 0 0"><span class='ocrx_word' id='word_1_376' title='bbox 0 0 1585 4928; x_wconf 95' lang='lat' dir='ltr'> </span> 
     </span>
    </p>
   </div>
  </div>
 </body>
</html>
