<?xml version="1.0" encoding="UTF-8"?>
<!DOCTYPE html PUBLIC "-//W3C//DTD XHTML 1.0 Transitional//EN"
    "http://www.w3.org/TR/xhtml1/DTD/xhtml1-transitional.dtd">
<html xmlns="http://www.w3.org/1999/xhtml" xml:lang="en" lang="en">
 <head>
  <title>
</title>
<meta http-equiv="Content-Type" content="text/html;charset=utf-8" />
  <meta name='ocr-system' content='tesseract 3.04.00' />
  <meta name='ocr-capabilities' content='ocr_page ocr_carea ocr_par ocr_line ocrx_word'/>
</head>
<body>
  <div class='ocr_page' id='page_1' title='image "./ciuliicaesarisc01menggoog/ciuliicaesarisc01menggoog_0220.png"; bbox 0 0 3086 4920; ppageno 0'>
   <div class='ocr_carea' id='block_1_1' title="bbox 514 353 1291 422">
    <p class='ocr_par' dir='ltr' id='par_1_1' title="bbox 514 353 1291 422">
     <span class='ocr_line' id='line_1_1' title="bbox 514 353 1291 422; baseline 0.008 -13"><span class='ocrx_word' id='word_1_1' title='bbox 514 353 612 409; x_wconf 84' lang='lat' dir='ltr'>Comm.</span> <span class='ocrx_word' id='word_1_2' title='bbox 631 355 662 422; x_wconf 86' lang='lat' dir='ltr'>V,</span> <span class='ocrx_word' id='word_1_3' title='bbox 681 372 703 410; x_wconf 83' lang='lat' dir='ltr'>c.</span> <span class='ocrx_word' id='word_1_4' title='bbox 722 355 837 410; x_wconf 80' lang='lat'><strong>48-50.</strong></span> <span class='ocrx_word' id='word_1_5' title='bbox 1239 355 1291 415; x_wconf 80' lang='lat'>183</span> 
     </span>
    </p>
   </div>
   <div class='ocr_carea' id='block_1_2' title="bbox 65 513 1357 2303">
    <p class='ocr_par' dir='ltr' id='par_1_2' title="bbox 66 513 1357 1878">
     <span class='ocr_line' id='line_1_2' title="bbox 72 513 1313 592; baseline 0.002 -14"><span class='ocrx_word' id='word_1_6' title='bbox 72 533 140 578; x_wconf 90' lang='lat' dir='ltr'>uem</span> <span class='ocrx_word' id='word_1_7' title='bbox 161 514 361 578; x_wconf 85' lang='lat' dir='ltr'>convertisse.</span> <span class='ocrx_word' id='word_1_8' title='bbox 407 513 530 592; x_wconf 83' lang='lat' dir='ltr'>Quibus</span> <span class='ocrx_word' id='word_1_9' title='bbox 554 515 669 580; x_wconf 87' lang='lat' dir='ltr'>litteris</span> <span class='ocrx_word' id='word_1_10' title='bbox 694 515 819 582; x_wconf 89' lang='lat' dir='ltr'>circiter</span> <span class='ocrx_word' id='word_1_11' title='bbox 841 516 949 582; x_wconf 88' lang='lat' dir='ltr'>media</span> <span class='ocrx_word' id='word_1_12' title='bbox 971 519 1062 582; x_wconf 89' lang='lat' dir='ltr'>nocte</span> <span class='ocrx_word' id='word_1_13' title='bbox 1087 517 1204 584; x_wconf 82' lang='lat' dir='ltr'>Caesar</span> <span class='ocrx_word' id='word_1_14' title='bbox 1235 519 1313 584; x_wconf 83' lang='lat' dir='ltr'>ad-r</span> 
     </span>
     <span class='ocr_line' id='line_1_3' title="bbox 71 619 1289 703; baseline 0.006 -19"><span class='ocrx_word' id='word_1_15' title='bbox 71 621 139 684; x_wconf 87' lang='lat' dir='ltr'>letis</span> <span class='ocrx_word' id='word_1_16' title='bbox 162 639 237 684; x_wconf 91' lang='lat' dir='ltr'>suos</span> <span class='ocrx_word' id='word_1_17' title='bbox 260 619 337 684; x_wconf 88' lang='lat' dir='ltr'>facit</span> <span class='ocrx_word' id='word_1_18' title='bbox 359 621 509 686; x_wconf 74' lang='lat' dir='ltr'>certiores</span> <span class='ocrx_word' id='word_1_19' title='bbox 533 640 649 703; x_wconf 85' lang='lat' dir='ltr'>eosque</span> <span class='ocrx_word' id='word_1_20' title='bbox 674 621 714 686; x_wconf 89' lang='lat' dir='ltr'>ad</span> <span class='ocrx_word' id='word_1_21' title='bbox 738 621 954 690; x_wconf 89' lang='lat' dir='ltr'>dimicandum</span> <span class='ocrx_word' id='word_1_22' title='bbox 978 623 1083 688; x_wconf 91' lang='lat' dir='ltr'>animo</span> <span class='ocrx_word' id='word_1_23' title='bbox 1114 625 1289 692; x_wconf 88' lang='lat' dir='ltr'>confirmat.</span> 
     </span>
     <span class='ocr_line' id='line_1_4' title="bbox 71 727 1315 814; baseline 0.002 -24"><span class='ocrx_word' id='word_1_24' title='bbox 71 727 193 792; x_wconf 88' lang='lat' dir='ltr'>Postero</span> <span class='ocrx_word' id='word_1_25' title='bbox 217 727 268 791; x_wconf 90' lang='lat' dir='ltr'>die</span> <span class='ocrx_word' id='word_1_26' title='bbox 298 728 367 792; x_wconf 92' lang='lat' dir='ltr'>luce</span> <span class='ocrx_word' id='word_1_27' title='bbox 397 729 502 811; x_wconf 87' lang='lat' dir='ltr'>prima</span> <span class='ocrx_word' id='word_1_28' title='bbox 528 731 637 792; x_wconf 89' lang='lat' dir='ltr'>moret</span> <span class='ocrx_word' id='word_1_29' title='bbox 666 730 772 794; x_wconf 88' lang='lat' dir='ltr'>castra</span> <span class='ocrx_word' id='word_1_30' title='bbox 802 732 834 793; x_wconf 89' lang='lat' dir='ltr'>et</span> <span class='ocrx_word' id='word_1_31' title='bbox 864 729 989 794; x_wconf 76' lang='lat' dir='ltr'>circiter</span> <span class='ocrx_word' id='word_1_32' title='bbox 1016 729 1106 795; x_wconf 90' lang='lat' dir='ltr'>milia</span> <span class='ocrx_word' id='word_1_33' title='bbox 1135 749 1315 814; x_wconf 79' lang='lat' dir='ltr'>passuums</span> 
     </span>
     <span class='ocr_line' id='line_1_5' title="bbox 72 836 1289 918; baseline 0.004 -20"><span class='ocrx_word' id='word_1_34' title='bbox 72 837 216 918; x_wconf 84' lang='lat' dir='ltr'>quattuor</span> <span class='ocrx_word' id='word_1_35' title='bbox 238 852 424 916; x_wconf 86' lang='lat' dir='ltr'>progressus</span> <span class='ocrx_word' id='word_1_36' title='bbox 448 837 539 900; x_wconf 86' lang='lat' dir='ltr'>trans</span> <span class='ocrx_word' id='word_1_37' title='bbox 562 836 679 900; x_wconf 87' lang='lat' dir='ltr'>vallem</span> <span class='ocrx_word' id='word_1_38' title='bbox 703 837 736 899; x_wconf 92' lang='lat' dir='ltr'>et</span> <span class='ocrx_word' id='word_1_39' title='bbox 757 836 862 900; x_wconf 87' lang='lat' dir='ltr'>rivum</span> <span class='ocrx_word' id='word_1_40' title='bbox 884 836 1126 902; x_wconf 75' lang='lat' dir='ltr'>multitudinem</span> <span class='ocrx_word' id='word_1_41' title='bbox 1148 838 1289 903; x_wconf 90' lang='lat' dir='ltr'>hostium</span> 
     </span>
     <span class='ocr_line' id='line_1_6' title="bbox 71 941 1313 1026; baseline 0.003 -22"><span class='ocrx_word' id='word_1_42' title='bbox 71 941 273 1023; x_wconf 84' lang='lat' dir='ltr'>conspicatur.</span> <span class='ocrx_word' id='word_1_43' title='bbox 319 941 398 1004; x_wconf 81' lang='lat' dir='ltr'>Erat</span> <span class='ocrx_word' id='word_1_44' title='bbox 420 942 529 1023; x_wconf 87' lang='lat' dir='ltr'>magni</span> <span class='ocrx_word' id='word_1_45' title='bbox 551 942 684 1024; x_wconf 89' lang='lat' dir='ltr'>periculi</span> <span class='ocrx_word' id='word_1_46' title='bbox 707 961 758 1006; x_wconf 88' lang='lat' dir='ltr'>res</span> <span class='ocrx_word' id='word_1_47' title='bbox 788 943 924 1007; x_wconf 89' lang='lat' dir='ltr'>tantulis</span> <span class='ocrx_word' id='word_1_48' title='bbox 955 943 1051 1026; x_wconf 91' lang='lat' dir='ltr'>copiis</span> <span class='ocrx_word' id='word_1_49' title='bbox 1081 944 1190 1025; x_wconf 90' lang='lat' dir='ltr'>iniquo</span> <span class='ocrx_word' id='word_1_50' title='bbox 1220 947 1313 1010; x_wconf 81' lang='lat' dir='ltr'>locor</span> 
     </span>
     <span class='ocr_line' id='line_1_7' title="bbox 70 1047 1288 1142; baseline 0.005 -32"><span class='ocrx_word' id='word_1_51' title='bbox 70 1047 230 1121; x_wconf 89' lang='lat' dir='ltr'>dimicare;</span> <span class='ocrx_word' id='word_1_52' title='bbox 254 1049 338 1125; x_wconf 88' lang='lat' dir='ltr'>tum,</span> <span class='ocrx_word' id='word_1_53' title='bbox 369 1049 520 1130; x_wconf 87' lang='lat' dir='ltr'>quoniam</span> <span class='ocrx_word' id='word_1_54' title='bbox 550 1048 710 1113; x_wconf 78' lang='lat' dir='ltr'>obsidione</span> <span class='ocrx_word' id='word_1_55' title='bbox 740 1049 912 1114; x_wconf 88' lang='lat' dir='ltr'>liberatum</span> <span class='ocrx_word' id='word_1_56' title='bbox 944 1049 1128 1142; x_wconf 81' lang='lat' dir='ltr'>Ciceronem</span> <span class='ocrx_word' id='word_1_57' title='bbox 1159 1051 1288 1128; x_wconf 83' lang='lat' dir='ltr'>sciebat,</span> 
     </span>
     <span class='ocr_line' id='line_1_8' title="bbox 71 1153 1312 1235; baseline 0.002 -19"><span class='ocrx_word' id='word_1_58' title='bbox 71 1171 162 1234; x_wconf 85' lang='lat' dir='ltr'>aequo</span> <span class='ocrx_word' id='word_1_59' title='bbox 186 1153 294 1218; x_wconf 88' lang='lat' dir='ltr'>animo</span> <span class='ocrx_word' id='word_1_60' title='bbox 316 1155 547 1219; x_wconf 88' lang='lat' dir='ltr'>remittendum</span> <span class='ocrx_word' id='word_1_61' title='bbox 570 1155 609 1219; x_wconf 90' lang='lat' dir='ltr'>de</span> <span class='ocrx_word' id='word_1_62' title='bbox 633 1155 795 1220; x_wconf 85' lang='lat' dir='ltr'>celeritate</span> <span class='ocrx_word' id='word_1_63' title='bbox 826 1155 1044 1220; x_wconf 83' lang='lat' dir='ltr'>existimabat:</span> <span class='ocrx_word' id='word_1_64' title='bbox 1075 1157 1217 1223; x_wconf 91' lang='lat' dir='ltr'>consedit</span> <span class='ocrx_word' id='word_1_65' title='bbox 1246 1160 1312 1235; x_wconf 72' lang='lat' dir='ltr'>etr</span> 
     </span>
     <span class='ocr_line' id='line_1_9' title="bbox 70 1261 1298 1344; baseline 0.003 -20"><span class='ocrx_word' id='word_1_66' title='bbox 70 1279 158 1340; x_wconf 84' lang='lat' dir='ltr'>quam</span> <span class='ocrx_word' id='word_1_67' title='bbox 181 1261 376 1342; x_wconf 88' lang='lat' dir='ltr'>aequissimo</span> <span class='ocrx_word' id='word_1_68' title='bbox 400 1262 468 1326; x_wconf 92' lang='lat' dir='ltr'>loco</span> <span class='ocrx_word' id='word_1_69' title='bbox 491 1263 613 1344; x_wconf 87' lang='lat' dir='ltr'>potest,</span> <span class='ocrx_word' id='word_1_70' title='bbox 637 1263 743 1326; x_wconf 86' lang='lat' dir='ltr'>castra</span> <span class='ocrx_word' id='word_1_71' title='bbox 772 1262 948 1326; x_wconf 89' lang='lat' dir='ltr'>communit</span> <span class='ocrx_word' id='word_1_72' title='bbox 977 1265 1074 1344; x_wconf 88' lang='lat' dir='ltr'>atque</span> <span class='ocrx_word' id='word_1_73' title='bbox 1103 1263 1197 1340; x_wconf 86' lang='lat' dir='ltr'>haec,</span> <span class='ocrx_word' id='word_1_74' title='bbox 1228 1265 1298 1328; x_wconf 86' lang='lat' dir='ltr'>etsi</span> 
     </span>
     <span class='ocr_line' id='line_1_10' title="bbox 69 1367 1289 1452; baseline 0.004 -22"><span class='ocrx_word' id='word_1_75' title='bbox 69 1369 151 1430; x_wconf 84' lang='lat' dir='ltr'>erant</span> <span class='ocrx_word' id='word_1_76' title='bbox 181 1367 298 1448; x_wconf 85' lang='lat' dir='ltr'>exigua</span> <span class='ocrx_word' id='word_1_77' title='bbox 332 1386 388 1450; x_wconf 92' lang='lat' dir='ltr'>per</span> <span class='ocrx_word' id='word_1_78' title='bbox 423 1386 473 1446; x_wconf 88' lang='lat' dir='ltr'>se,</span> <span class='ocrx_word' id='word_1_79' title='bbox 507 1369 559 1432; x_wconf 81' lang='lat' dir='ltr'>vix</span> <span class='ocrx_word' id='word_1_80' title='bbox 590 1369 755 1433; x_wconf 91' lang='lat' dir='ltr'>hominum</span> <span class='ocrx_word' id='word_1_81' title='bbox 789 1369 914 1433; x_wconf 92' lang='lat' dir='ltr'>milium</span> <span class='ocrx_word' id='word_1_82' title='bbox 949 1371 1071 1452; x_wconf 86' lang='lat' dir='ltr'>septem</span> <span class='ocrx_word' id='word_1_83' title='bbox 1099 1370 1289 1451; x_wconf 88' lang='lat' dir='ltr'>praesertim</span> 
     </span>
     <span class='ocr_line' id='line_1_11' title="bbox 67 1463 1357 1557; baseline 0.005 -21"><span class='ocrx_word' id='word_1_84' title='bbox 67 1474 155 1550; x_wconf 88' lang='lat' dir='ltr'>nullis</span> <span class='ocrx_word' id='word_1_85' title='bbox 179 1493 256 1538; x_wconf 92' lang='lat' dir='ltr'>oum</span> <span class='ocrx_word' id='word_1_86' title='bbox 278 1473 524 1556; x_wconf 87' lang='lat' dir='ltr'>impedimentis,</span> <span class='ocrx_word' id='word_1_87' title='bbox 546 1477 656 1538; x_wconf 89' lang='lat' dir='ltr'>tamen</span> <span class='ocrx_word' id='word_1_88' title='bbox 680 1475 837 1556; x_wconf 83' lang='lat' dir='ltr'>angustiis</span> <span class='ocrx_word' id='word_1_89' title='bbox 861 1475 998 1552; x_wconf 84' lang='lat' dir='ltr'>riarum,</span> <span class='ocrx_word' id='word_1_90' title='bbox 1023 1495 1120 1557; x_wconf 90' lang='lat' dir='ltr'>quam</span> <span class='ocrx_word' id='word_1_91' title='bbox 1150 1477 1287 1543; x_wconf 83' lang='lat' dir='ltr'>maxime</span> <span class='ocrx_word' id='word_1_92' title='bbox 1354 1463 1357 1468; x_wconf 34' lang='lat'>¹</span> 
     </span>
     <span class='ocr_line' id='line_1_12' title="bbox 67 1580 1289 1665; baseline 0.002 -21"><span class='ocrx_word' id='word_1_93' title='bbox 67 1583 172 1662; x_wconf 86' lang='lat' dir='ltr'>potest,</span> <span class='ocrx_word' id='word_1_94' title='bbox 196 1580 367 1658; x_wconf 81' lang='lat' dir='ltr'>contrahit,</span> <span class='ocrx_word' id='word_1_95' title='bbox 391 1599 427 1645; x_wconf 90' lang='lat' dir='ltr'>eo</span> <span class='ocrx_word' id='word_1_96' title='bbox 451 1581 589 1658; x_wconf 87' lang='lat' dir='ltr'>consilio,</span> <span class='ocrx_word' id='word_1_97' title='bbox 612 1583 650 1646; x_wconf 88' lang='lat' dir='ltr'>ut</span> <span class='ocrx_word' id='word_1_98' title='bbox 672 1581 706 1646; x_wconf 87' lang='lat' dir='ltr'>in</span> <span class='ocrx_word' id='word_1_99' title='bbox 730 1600 889 1648; x_wconf 86' lang='lat' dir='ltr'>summam</span> <span class='ocrx_word' id='word_1_100' title='bbox 906 1583 1173 1665; x_wconf 87' lang='lat' dir='ltr'>contemptionem</span> <span class='ocrx_word' id='word_1_101' title='bbox 1188 1584 1289 1648; x_wconf 87' lang='lat' dir='ltr'>hosti-</span> 
     </span>
     <span class='ocr_line' id='line_1_13' title="bbox 67 1687 1313 1771; baseline 0.002 -21"><span class='ocrx_word' id='word_1_102' title='bbox 67 1687 119 1750; x_wconf 88' lang='lat' dir='ltr'>bus</span> <span class='ocrx_word' id='word_1_103' title='bbox 140 1687 260 1753; x_wconf 87' lang='lat' dir='ltr'>veniat.</span> <span class='ocrx_word' id='word_1_104' title='bbox 305 1687 439 1752; x_wconf 87' lang='lat' dir='ltr'>Interim</span> <span class='ocrx_word' id='word_1_105' title='bbox 463 1689 712 1770; x_wconf 80' lang='lat' dir='ltr'>speculatoribus</span> <span class='ocrx_word' id='word_1_106' title='bbox 740 1689 774 1752; x_wconf 92' lang='lat' dir='ltr'>in</span> <span class='ocrx_word' id='word_1_107' title='bbox 803 1707 913 1753; x_wconf 92' lang='lat' dir='ltr'>omues</span> <span class='ocrx_word' id='word_1_108' title='bbox 936 1691 1043 1771; x_wconf 89' lang='lat' dir='ltr'>partes</span> <span class='ocrx_word' id='word_1_109' title='bbox 1067 1687 1206 1753; x_wconf 87' lang='lat' dir='ltr'>dimissis</span> <span class='ocrx_word' id='word_1_110' title='bbox 1235 1709 1313 1768; x_wconf 18' lang='lat' dir='ltr'>vex-s</span> 
     </span>
     <span class='ocr_line' id='line_1_14' title="bbox 66 1793 1082 1878; baseline 0.002 -22"><span class='ocrx_word' id='word_1_111' title='bbox 66 1794 169 1875; x_wconf 89' lang='lat' dir='ltr'>plorat,</span> <span class='ocrx_word' id='word_1_112' title='bbox 195 1813 260 1876; x_wconf 90' lang='lat' dir='ltr'>quo</span> <span class='ocrx_word' id='word_1_113' title='bbox 285 1793 537 1858; x_wconf 91' lang='lat' dir='ltr'>commodissime</span> <span class='ocrx_word' id='word_1_114' title='bbox 560 1794 673 1858; x_wconf 89' lang='lat' dir='ltr'>itinere</span> <span class='ocrx_word' id='word_1_115' title='bbox 698 1795 797 1858; x_wconf 89' lang='lat' dir='ltr'>valles</span> <span class='ocrx_word' id='word_1_116' title='bbox 820 1794 951 1858; x_wconf 86' lang='lat' dir='ltr'>transiri</span> <span class='ocrx_word' id='word_1_117' title='bbox 972 1795 1082 1878; x_wconf 92' lang='lat' dir='ltr'>possit.</span> 
     </span>
    </p>

    <p class='ocr_par' dir='ltr' id='par_1_3' title="bbox 65 1900 1341 2303">
     <span class='ocr_line' id='line_1_15' title="bbox 146 1900 1341 1984; baseline 0.003 -19"><span class='ocrx_word' id='word_1_118' title='bbox 146 1901 191 1966; x_wconf 78' lang='lat' dir='ltr'>Eo</span> <span class='ocrx_word' id='word_1_119' title='bbox 218 1900 269 1965; x_wconf 90' lang='lat' dir='ltr'>die</span> <span class='ocrx_word' id='word_1_120' title='bbox 292 1900 432 1983; x_wconf 87' lang='lat' dir='ltr'>parvulis</span> <span class='ocrx_word' id='word_1_121' title='bbox 455 1900 657 1982; x_wconf 89' lang='lat' dir='ltr'>equestribus</span> <span class='ocrx_word' id='word_1_122' title='bbox 678 1901 804 1984; x_wconf 88' lang='lat' dir='ltr'>proeliis</span> <span class='ocrx_word' id='word_1_123' title='bbox 828 1901 869 1964; x_wconf 90' lang='lat' dir='ltr'>ad</span> <span class='ocrx_word' id='word_1_124' title='bbox 890 1919 1007 1983; x_wconf 90' lang='lat' dir='ltr'>aquam</span> <span class='ocrx_word' id='word_1_125' title='bbox 1035 1900 1128 1966; x_wconf 86' lang='lat' dir='ltr'>factis</span> <span class='ocrx_word' id='word_1_126' title='bbox 1159 1901 1287 1984; x_wconf 89' lang='lat' dir='ltr'>utrique</span> <span class='ocrx_word' id='word_1_127' title='bbox 1297 1908 1341 1968; x_wconf 74' lang='lat' dir='ltr'>ab</span> 
     </span>
     <span class='ocr_line' id='line_1_16' title="bbox 67 2006 1312 2090; baseline -0.002 -18"><span class='ocrx_word' id='word_1_128' title='bbox 67 2026 127 2072; x_wconf 88' lang='lat' dir='ltr'>sese</span> <span class='ocrx_word' id='word_1_129' title='bbox 143 2026 201 2072; x_wconf 89' lang='lat' dir='ltr'>suo</span> <span class='ocrx_word' id='word_1_130' title='bbox 218 2008 288 2072; x_wconf 92' lang='lat' dir='ltr'>loco</span> <span class='ocrx_word' id='word_1_131' title='bbox 304 2007 484 2072; x_wconf 84' lang='lat' dir='ltr'>continent:</span> <span class='ocrx_word' id='word_1_132' title='bbox 509 2006 603 2084; x_wconf 83' lang='lat' dir='ltr'>Galli,</span> <span class='ocrx_word' id='word_1_133' title='bbox 627 2007 711 2088; x_wconf 91' lang='lat' dir='ltr'>quod</span> <span class='ocrx_word' id='word_1_134' title='bbox 727 2008 897 2090; x_wconf 86' lang='lat' dir='ltr'>ampliores</span> <span class='ocrx_word' id='word_1_135' title='bbox 913 2008 1029 2090; x_wconf 88' lang='lat' dir='ltr'>copias,</span> <span class='ocrx_word' id='word_1_136' title='bbox 1045 2026 1126 2090; x_wconf 86' lang='lat' dir='ltr'>quae</span> <span class='ocrx_word' id='word_1_137' title='bbox 1146 2007 1312 2072; x_wconf 84' lang='lat' dir='ltr'>nondumr</span> 
     </span>
     <span class='ocr_line' id='line_1_17' title="bbox 67 2112 1312 2196; baseline 0 -18"><span class='ocrx_word' id='word_1_138' title='bbox 67 2115 289 2190; x_wconf 87' lang='lat' dir='ltr'>couvenerant,</span> <span class='ocrx_word' id='word_1_139' title='bbox 318 2113 560 2196; x_wconf 78' lang='lat' dir='ltr'>exspectabant3</span> <span class='ocrx_word' id='word_1_140' title='bbox 591 2112 724 2190; x_wconf 79' lang='lat' dir='ltr'>Caesar,</span> <span class='ocrx_word' id='word_1_141' title='bbox 763 2115 791 2177; x_wconf 90' lang='lat' dir='ltr'>si</span> <span class='ocrx_word' id='word_1_142' title='bbox 819 2113 902 2178; x_wconf 87' lang='lat' dir='ltr'>forte</span> <span class='ocrx_word' id='word_1_143' title='bbox 931 2113 1055 2178; x_wconf 89' lang='lat' dir='ltr'>timoris</span> <span class='ocrx_word' id='word_1_144' title='bbox 1085 2115 1312 2180; x_wconf 73' lang='lat' dir='ltr'>simulationes</span> 
     </span>
     <span class='ocr_line' id='line_1_18' title="bbox 65 2220 1287 2303; baseline 0.002 -21"><span class='ocrx_word' id='word_1_145' title='bbox 65 2220 162 2286; x_wconf 86' lang='lat' dir='ltr'>hostes</span> <span class='ocrx_word' id='word_1_146' title='bbox 186 2221 223 2284; x_wconf 93' lang='lat' dir='ltr'>in</span> <span class='ocrx_word' id='word_1_147' title='bbox 247 2239 343 2284; x_wconf 90' lang='lat' dir='ltr'>suum</span> <span class='ocrx_word' id='word_1_148' title='bbox 366 2220 471 2284; x_wconf 86' lang='lat' dir='ltr'>locum</span> <span class='ocrx_word' id='word_1_149' title='bbox 494 2220 605 2284; x_wconf 90' lang='lat' dir='ltr'>elicere</span> <span class='ocrx_word' id='word_1_150' title='bbox 628 2222 751 2302; x_wconf 87' lang='lat' dir='ltr'>posset,</span> <span class='ocrx_word' id='word_1_151' title='bbox 775 2222 813 2285; x_wconf 90' lang='lat' dir='ltr'>ut</span> <span class='ocrx_word' id='word_1_152' title='bbox 836 2221 917 2284; x_wconf 91' lang='lat' dir='ltr'>citra</span> <span class='ocrx_word' id='word_1_153' title='bbox 938 2221 1057 2285; x_wconf 86' lang='lat' dir='ltr'>vallem</span> <span class='ocrx_word' id='word_1_154' title='bbox 1085 2239 1142 2303; x_wconf 89' lang='lat' dir='ltr'>pro</span> <span class='ocrx_word' id='word_1_155' title='bbox 1173 2220 1287 2286; x_wconf 90' lang='lat' dir='ltr'>castris</span> 
     </span>
    </p>
   </div>
   <div class='ocr_carea' id='block_1_3' title="bbox 63 2499 1288 3122">
    <p class='ocr_par' dir='ltr' id='par_1_4' title="bbox 64 2499 1288 2751">
     <span class='ocr_line' id='line_1_19' title="bbox 129 2499 1287 2573; baseline -0.002 -15"><span class='ocrx_word' id='word_1_156' title='bbox 129 2518 142 2558; x_wconf 85' lang='grc'><strong>4</strong></span> <span class='ocrx_word' id='word_1_157' title='bbox 158 2523 181 2556; x_wconf 83' lang='grc' dir='ltr'>ιι.</span> <span class='ocrx_word' id='word_1_158' title='bbox 200 2518 224 2560; x_wconf 79' lang='lat' dir='ltr'>a.</span> <span class='ocrx_word' id='word_1_159' title='bbox 244 2504 337 2558; x_wconf 77' lang='lat' dir='ltr'>antero</span> <span class='ocrx_word' id='word_1_160' title='bbox 356 2503 516 2570; x_wconf 62' lang='lat' dir='ltr'>continuare</span> <span class='ocrx_word' id='word_1_161' title='bbox 534 2499 606 2571; x_wconf 78' lang='lat' dir='ltr'>alm]</span> <span class='ocrx_word' id='word_1_162' title='bbox 620 2501 701 2571; x_wconf 87' lang='lat' dir='ltr'>„jem</span> <span class='ocrx_word' id='word_1_163' title='bbox 720 2502 875 2570; x_wconf 84' lang='lat' dir='ltr'>ennutigen,</span> <span class='ocrx_word' id='word_1_164' title='bbox 894 2501 950 2556; x_wconf 92' lang='lat' dir='ltr'>ihm</span> <span class='ocrx_word' id='word_1_165' title='bbox 962 2502 1024 2556; x_wconf 86' lang='lat' dir='ltr'>Mut</span> <span class='ocrx_word' id='word_1_166' title='bbox 1041 2502 1240 2573; x_wconf 83' lang='lat' dir='ltr'>ainsprechen“.</span> <span class='ocrx_word' id='word_1_167' title='bbox 1253 2533 1287 2540; x_wconf 89' lang='lat'>—-</span> 
     </span>
     <span class='ocr_line' id='line_1_20' title="bbox 65 2589 1227 2663; baseline -0.003 -15"><span class='ocrx_word' id='word_1_168' title='bbox 65 2595 117 2648; x_wconf 76' lang='lat' dir='ltr'>hece</span> <span class='ocrx_word' id='word_1_169' title='bbox 135 2593 247 2663; x_wconf 77' lang='lat' dir='ltr'>prima]</span> <span class='ocrx_word' id='word_1_170' title='bbox 272 2593 336 2660; x_wconf 87' lang='lat' dir='ltr'>„bei</span> <span class='ocrx_word' id='word_1_171' title='bbox 353 2589 583 2660; x_wconf 83' lang='lat' dir='ltr'>Tagesaubruch“.</span> <span class='ocrx_word' id='word_1_172' title='bbox 611 2620 644 2628; x_wconf 97' lang='lat'>—</span> <span class='ocrx_word' id='word_1_173' title='bbox 669 2595 764 2645; x_wconf 79' lang='lat' dir='ltr'>cestra</span> <span class='ocrx_word' id='word_1_174' title='bbox 788 2591 904 2658; x_wconf 70' lang='lat' dir='ltr'>macac]</span> <span class='ocrx_word' id='word_1_175' title='bbox 928 2591 974 2657; x_wconf 82' lang='lat' dir='ltr'>lv,</span> <span class='ocrx_word' id='word_1_176' title='bbox 994 2591 1019 2658; x_wconf 82' lang='grc'>9,</span> <span class='ocrx_word' id='word_1_177' title='bbox 1039 2592 1063 2646; x_wconf 84' lang='lat'>1.</span> <span class='ocrx_word' id='word_1_178' title='bbox 1088 2620 1123 2628; x_wconf 94' lang='lat'><em>-</em></span> <span class='ocrx_word' id='word_1_179' title='bbox 1148 2596 1227 2646; x_wconf 72' lang='lat' dir='ltr'>bans</span> 
     </span>
     <span class='ocr_line' id='line_1_21' title="bbox 64 2680 601 2751; baseline -0.004 -16"><span class='ocrx_word' id='word_1_180' title='bbox 64 2682 157 2751; x_wconf 62' lang='lat' dir='ltr'>nome]</span> <span class='ocrx_word' id='word_1_181' title='bbox 176 2681 275 2751; x_wconf 81' lang='lat' dir='ltr'>gehbrt</span> <span class='ocrx_word' id='word_1_182' title='bbox 293 2680 368 2734; x_wconf 87' lang='lat' dir='ltr'>nicht</span> <span class='ocrx_word' id='word_1_183' title='bbox 386 2697 418 2734; x_wconf 82' lang='lat' dir='ltr'>eu</span> <span class='ocrx_word' id='word_1_184' title='bbox 431 2694 601 2749; x_wconf 66' lang='lat' dir='ltr'>propeccatis.</span> 
     </span>
    </p>

    <p class='ocr_par' dir='ltr' id='par_1_5' title="bbox 63 2784 1288 3122">
     <span class='ocr_line' id='line_1_22' title="bbox 130 2784 1288 2856; baseline -0.003 -12"><span class='ocrx_word' id='word_1_185' title='bbox 130 2803 153 2844; x_wconf 79' lang='lat' dir='ltr'>o.</span> <span class='ocrx_word' id='word_1_186' title='bbox 178 2787 254 2856; x_wconf 77' lang='lat' dir='ltr'>arat]</span> <span class='ocrx_word' id='word_1_187' title='bbox 280 2803 330 2854; x_wconf 82' lang='lat' dir='ltr'>„es</span> <span class='ocrx_word' id='word_1_188' title='bbox 348 2791 417 2840; x_wconf 73' lang='lat' dir='ltr'>ware</span> <span class='ocrx_word' id='word_1_189' title='bbox 435 2786 582 2854; x_wconf 51' lang='lat' dir='ltr'>geresam&amp;</span> <span class='ocrx_word' id='word_1_190' title='bbox 608 2815 642 2822; x_wconf 79' lang='lat'>-</span> <span class='ocrx_word' id='word_1_191' title='bbox 666 2786 762 2854; x_wconf 76' lang='lat' dir='ltr'>mapae&#39;</span> <span class='ocrx_word' id='word_1_192' title='bbox 780 2785 902 2853; x_wconf 78' lang='lat' dir='ltr'>periculi</span> <span class='ocrx_word' id='word_1_193' title='bbox 924 2784 977 2855; x_wconf 77' lang='lat' dir='ltr'>res]</span> <span class='ocrx_word' id='word_1_194' title='bbox 1002 2785 1056 2840; x_wconf 78' lang='lat' dir='ltr'>nur</span> <span class='ocrx_word' id='word_1_195' title='bbox 1074 2786 1220 2854; x_wconf 81' lang='lat' dir='ltr'>„ngnis“</span> <span class='ocrx_word' id='word_1_196' title='bbox 1240 2787 1288 2840; x_wconf 87' lang='lat' dir='ltr'>hat</span> 
     </span>
     <span class='ocr_line' id='line_1_23' title="bbox 64 2872 1287 2943; baseline -0.001 -14"><span class='ocrx_word' id='word_1_197' title='bbox 64 2877 104 2930; x_wconf 86' lang='lat' dir='ltr'>der</span> <span class='ocrx_word' id='word_1_198' title='bbox 120 2877 245 2931; x_wconf 79' lang='lat' dir='ltr'>lateiner</span> <span class='ocrx_word' id='word_1_199' title='bbox 262 2875 323 2929; x_wconf 74' lang='lat' dir='ltr'>luein</span> <span class='ocrx_word' id='word_1_200' title='bbox 341 2874 497 2929; x_wconf 86' lang='lat' dir='ltr'>bosonderes</span> <span class='ocrx_word' id='word_1_201' title='bbox 514 2872 600 2928; x_wconf 82' lang='lat' dir='ltr'>Wort</span> <span class='ocrx_word' id='word_1_202' title='bbox 626 2904 660 2913; x_wconf 90' lang='lat'><em>-</em></span> <span class='ocrx_word' id='word_1_203' title='bbox 685 2874 773 2942; x_wconf 83' lang='lat' dir='ltr'>loeus]</span> <span class='ocrx_word' id='word_1_204' title='bbox 792 2874 943 2928; x_wconf 79' lang='lat' dir='ltr'>bezeichnet</span> <span class='ocrx_word' id='word_1_205' title='bbox 960 2875 1000 2928; x_wconf 84' lang='lat' dir='ltr'>oft</span> <span class='ocrx_word' id='word_1_206' title='bbox 1016 2875 1059 2929; x_wconf 91' lang='lat' dir='ltr'>die</span> <span class='ocrx_word' id='word_1_207' title='bbox 1077 2875 1200 2943; x_wconf 84' lang='lat' dir='ltr'>Stellung</span> <span class='ocrx_word' id='word_1_208' title='bbox 1217 2875 1287 2929; x_wconf 87' lang='lat' dir='ltr'>eines</span> 
     </span>
     <span class='ocr_line' id='line_1_24' title="bbox 63 2961 1287 3032; baseline -0.002 -13"><span class='ocrx_word' id='word_1_209' title='bbox 63 2964 163 3021; x_wconf 75' lang='lat' dir='ltr'>Horres.</span> <span class='ocrx_word' id='word_1_210' title='bbox 190 2993 225 3003; x_wconf 87' lang='lat'>-</span> <span class='ocrx_word' id='word_1_211' title='bbox 249 2963 320 3032; x_wconf 81' lang='lat' dir='ltr'>tam]</span> <span class='ocrx_word' id='word_1_212' title='bbox 345 2963 419 3017; x_wconf 78' lang='lat' dir='ltr'>liihrt</span> <span class='ocrx_word' id='word_1_213' title='bbox 437 2963 511 3017; x_wconf 85' lang='lat' dir='ltr'>einen</span> <span class='ocrx_word' id='word_1_214' title='bbox 530 2963 652 3017; x_wconf 69' lang='lat' dir='ltr'>autema</span> <span class='ocrx_word' id='word_1_215' title='bbox 671 2961 765 3018; x_wconf 82' lang='lat' dir='ltr'>Grund</span> <span class='ocrx_word' id='word_1_216' title='bbox 783 2979 825 3018; x_wconf 88' lang='lat' dir='ltr'>an.</span> <span class='ocrx_word' id='word_1_217' title='bbox 844 2992 878 3001; x_wconf 94' lang='lat'>—</span> <span class='ocrx_word' id='word_1_218' title='bbox 903 2979 992 3032; x_wconf 74' lang='lat' dir='ltr'>aequo</span> <span class='ocrx_word' id='word_1_219' title='bbox 1015 2962 1120 3030; x_wconf 77' lang='lat' dir='ltr'>animo]</span> <span class='ocrx_word' id='word_1_220' title='bbox 1146 2963 1287 3031; x_wconf 75' lang='lat' dir='ltr'>„rubigem</span> 
     </span>
     <span class='ocr_line' id='line_1_25' title="bbox 63 3051 1073 3122; baseline -0.001 -15"><span class='ocrx_word' id='word_1_221' title='bbox 63 3057 194 3122; x_wconf 76' lang='lat' dir='ltr'>gotrmtan</span> <span class='ocrx_word' id='word_1_222' title='bbox 212 3053 334 3107; x_wconf 87' lang='lat' dir='ltr'>Mutes“.</span> <span class='ocrx_word' id='word_1_223' title='bbox 355 3081 386 3090; x_wconf 87' lang='lat'>-</span> <span class='ocrx_word' id='word_1_224' title='bbox 405 3053 544 3107; x_wconf 79' lang='lat' dir='ltr'>rernittcrc</span> <span class='ocrx_word' id='word_1_225' title='bbox 562 3051 595 3106; x_wconf 78' lang='lat' dir='ltr'>dc</span> <span class='ocrx_word' id='word_1_226' title='bbox 613 3053 665 3119; x_wconf 76' lang='lat' dir='ltr'><strong>...J</strong></span> <span class='ocrx_word' id='word_1_227' title='bbox 684 3053 744 3105; x_wconf 82' lang='lat' dir='ltr'>wir:</span> <span class='ocrx_word' id='word_1_228' title='bbox 764 3051 939 3118; x_wconf 86' lang='lat' dir='ltr'>„nachlasseu</span> <span class='ocrx_word' id='word_1_229' title='bbox 956 3053 985 3105; x_wconf 90' lang='lat' dir='ltr'>in</span> <span class='ocrx_word' id='word_1_230' title='bbox 1004 3053 1073 3106; x_wconf 86' lang='lat'><strong>...“.</strong></span> 
     </span>
    </p>
   </div>
   <div class='ocr_carea' id='block_1_4' title="bbox 62 3156 1287 3670">
    <p class='ocr_par' dir='ltr' id='par_1_6' title="bbox 62 3156 1287 3670">
     <span class='ocr_line' id='line_1_26' title="bbox 130 3156 1287 3226; baseline -0.003 -13"><span class='ocrx_word' id='word_1_231' title='bbox 130 3171 153 3214; x_wconf 79' lang='lat' dir='ltr'>r.</span> <span class='ocrx_word' id='word_1_232' title='bbox 178 3165 275 3215; x_wconf 78' lang='lat' dir='ltr'>castra</span> <span class='ocrx_word' id='word_1_233' title='bbox 298 3157 475 3226; x_wconf 60' lang='lat' dir='ltr'>commanere]</span> <span class='ocrx_word' id='word_1_234' title='bbox 505 3157 562 3223; x_wconf 87' lang='lat' dir='ltr'>„oin</span> <span class='ocrx_word' id='word_1_235' title='bbox 581 3158 660 3212; x_wconf 81' lang='lat' dir='ltr'>festas</span> <span class='ocrx_word' id='word_1_236' title='bbox 678 3157 762 3226; x_wconf 85' lang='lat' dir='ltr'>Lsger</span> <span class='ocrx_word' id='word_1_237' title='bbox 780 3158 977 3226; x_wconf 81' lang='lat' dir='ltr'>ausschlagen“.</span> <span class='ocrx_word' id='word_1_238' title='bbox 1002 3185 1038 3196; x_wconf 86' lang='lat'>-</span> <span class='ocrx_word' id='word_1_239' title='bbox 1061 3156 1138 3224; x_wconf 79' lang='lat' dir='ltr'>baec]</span> <span class='ocrx_word' id='word_1_240' title='bbox 1165 3156 1287 3211; x_wconf 85' lang='lat' dir='ltr'>verbindo</span> 
     </span>
     <span class='ocr_line' id='line_1_27' title="bbox 64 3244 1287 3317; baseline -0.002 -17"><span class='ocrx_word' id='word_1_241' title='bbox 64 3249 107 3301; x_wconf 90' lang='lat' dir='ltr'>mit</span> <span class='ocrx_word' id='word_1_242' title='bbox 125 3247 269 3304; x_wconf 72' lang='lat' dir='ltr'>coabaleit</span> <span class='ocrx_word' id='word_1_243' title='bbox 286 3246 409 3314; x_wconf 87' lang='lat' dir='ltr'>(,‚macht</span> <span class='ocrx_word' id='word_1_244' title='bbox 426 3245 572 3312; x_wconf 85' lang='lat' dir='ltr'>lrleinor“)!</span> <span class='ocrx_word' id='word_1_245' title='bbox 592 3275 626 3284; x_wconf 90' lang='grc'>-</span> <span class='ocrx_word' id='word_1_246' title='bbox 645 3246 774 3317; x_wconf 73' lang='lat' dir='ltr'>enipeus]</span> <span class='ocrx_word' id='word_1_247' title='bbox 793 3246 944 3300; x_wconf 82' lang='lat' dir='ltr'>bezeichnet</span> <span class='ocrx_word' id='word_1_248' title='bbox 962 3246 1000 3299; x_wconf 88' lang='lat' dir='ltr'>oft</span> <span class='ocrx_word' id='word_1_249' title='bbox 1019 3244 1069 3299; x_wconf 90' lang='lat' dir='ltr'>den</span> <span class='ocrx_word' id='word_1_250' title='bbox 1087 3245 1212 3314; x_wconf 78' lang='lat' dir='ltr'>geringen</span> <span class='ocrx_word' id='word_1_251' title='bbox 1224 3244 1287 3299; x_wconf 90' lang='lat' dir='ltr'>Um·</span> 
     </span>
     <span class='ocr_line' id='line_1_28' title="bbox 63 3333 1287 3405; baseline -0.001 -16"><span class='ocrx_word' id='word_1_252' title='bbox 63 3337 126 3405; x_wconf 80' lang='lat' dir='ltr'>lang.</span> <span class='ocrx_word' id='word_1_253' title='bbox 151 3367 186 3376; x_wconf 91' lang='lat'>-</span> <span class='ocrx_word' id='word_1_254' title='bbox 208 3352 263 3405; x_wconf 80' lang='lat' dir='ltr'>per</span> <span class='ocrx_word' id='word_1_255' title='bbox 284 3336 322 3404; x_wconf 83' lang='lat' dir='ltr'>ae]</span> <span class='ocrx_word' id='word_1_256' title='bbox 349 3352 404 3403; x_wconf 87' lang='lat' dir='ltr'>„an</span> <span class='ocrx_word' id='word_1_257' title='bbox 423 3334 478 3389; x_wconf 90' lang='lat' dir='ltr'>und</span> <span class='ocrx_word' id='word_1_258' title='bbox 495 3335 538 3388; x_wconf 85' lang='lat' dir='ltr'>fiir</span> <span class='ocrx_word' id='word_1_259' title='bbox 556 3334 642 3389; x_wconf 86' lang='lat' dir='ltr'>sich“.</span> <span class='ocrx_word' id='word_1_260' title='bbox 669 3365 702 3374; x_wconf 93' lang='lat'><em>-</em></span> <span class='ocrx_word' id='word_1_261' title='bbox 728 3335 777 3389; x_wconf 75' lang='lat' dir='ltr'>circ</span> <span class='ocrx_word' id='word_1_262' title='bbox 856 3333 1071 3403; x_wconf 77' lang='lat' dir='ltr'>impedimentis]</span> <span class='ocrx_word' id='word_1_263' title='bbox 1095 3334 1223 3388; x_wconf 87' lang='lat' dir='ltr'>behandle</span> <span class='ocrx_word' id='word_1_264' title='bbox 1247 3335 1287 3388; x_wconf 83' lang='lat' dir='ltr'>als</span> 
     </span>
     <span class='ocr_line' id='line_1_29' title="bbox 63 3422 1287 3492; baseline 0 -16"><span class='ocrx_word' id='word_1_265' title='bbox 63 3423 232 3480; x_wconf 84' lang='lat' dir='ltr'>Parenthasel</span> <span class='ocrx_word' id='word_1_266' title='bbox 253 3454 287 3463; x_wconf 92' lang='lat'>-—</span> <span class='ocrx_word' id='word_1_267' title='bbox 306 3425 414 3479; x_wconf 65' lang='lat' dir='ltr'>midam</span> <span class='ocrx_word' id='word_1_268' title='bbox 428 3423 536 3492; x_wconf 76' lang='lat' dir='ltr'>septem]</span> <span class='ocrx_word' id='word_1_269' title='bbox 555 3423 706 3477; x_wconf 79' lang='lat' dir='ltr'>bezeichnet</span> <span class='ocrx_word' id='word_1_270' title='bbox 719 3423 760 3477; x_wconf 86' lang='lat' dir='ltr'>die</span> <span class='ocrx_word' id='word_1_271' title='bbox 773 3423 943 3492; x_wconf 75' lang='lat' dir='ltr'>FigeuscbsFt</span> <span class='ocrx_word' id='word_1_272' title='bbox 956 3422 1002 3476; x_wconf 91' lang='lat' dir='ltr'>des</span> <span class='ocrx_word' id='word_1_273' title='bbox 1015 3422 1126 3491; x_wconf 80' lang='lat' dir='ltr'>Legors3</span> <span class='ocrx_word' id='word_1_274' title='bbox 1146 3422 1193 3476; x_wconf 80' lang='lat' dir='ltr'>wir</span> <span class='ocrx_word' id='word_1_275' title='bbox 1207 3439 1287 3492; x_wconf 79' lang='lat' dir='ltr'>segon</span> 
     </span>
     <span class='ocr_line' id='line_1_30' title="bbox 63 3509 1286 3582; baseline 0.002 -16"><span class='ocrx_word' id='word_1_276' title='bbox 63 3514 120 3566; x_wconf 80' lang='lat' dir='ltr'>aber</span> <span class='ocrx_word' id='word_1_277' title='bbox 138 3514 233 3582; x_wconf 80' lang='lat' dir='ltr'>„dir“.</span> <span class='ocrx_word' id='word_1_278' title='bbox 258 3543 291 3552; x_wconf 91' lang='lat'>--</span> <span class='ocrx_word' id='word_1_279' title='bbox 316 3511 465 3582; x_wconf 63' lang='lat' dir='ltr'>martiae</span> <span class='ocrx_word' id='word_1_280' title='bbox 482 3511 604 3580; x_wconf 77' lang='lat' dir='ltr'>viarum]</span> <span class='ocrx_word' id='word_1_281' title='bbox 624 3512 760 3580; x_wconf 86' lang='lat' dir='ltr'>„schmalo</span> <span class='ocrx_word' id='word_1_282' title='bbox 777 3511 879 3580; x_wconf 85' lang='lat' dir='ltr'>Anlage</span> <span class='ocrx_word' id='word_1_283' title='bbox 896 3511 944 3565; x_wconf 84' lang='lat' dir='ltr'>der</span> <span class='ocrx_word' id='word_1_284' title='bbox 961 3509 1092 3566; x_wconf 83' lang='lat' dir='ltr'>Gassen“.</span> <span class='ocrx_word' id='word_1_285' title='bbox 1117 3542 1150 3550; x_wconf 86' lang='lat'>-—</span> <span class='ocrx_word' id='word_1_286' title='bbox 1172 3512 1205 3566; x_wconf 80' lang='lat' dir='ltr'>in</span> <span class='ocrx_word' id='word_1_287' title='bbox 1223 3527 1286 3568; x_wconf 80' lang='lat' dir='ltr'>con·</span> 
     </span>
     <span class='ocr_line' id='line_1_31' title="bbox 62 3599 1025 3670; baseline -0.004 -12"><span class='ocrx_word' id='word_1_288' title='bbox 62 3603 230 3670; x_wconf 61' lang='lat' dir='ltr'>ineptiam</span> <span class='ocrx_word' id='word_1_289' title='bbox 247 3600 315 3656; x_wconf 74' lang='lat' dir='ltr'>mari</span> <span class='ocrx_word' id='word_1_290' title='bbox 333 3600 444 3668; x_wconf 53' lang='lat' dir='ltr'>baama]</span> <span class='ocrx_word' id='word_1_291' title='bbox 464 3599 522 3667; x_wconf 88' lang='lat' dir='ltr'>„du</span> <span class='ocrx_word' id='word_1_292' title='bbox 538 3599 594 3654; x_wconf 86' lang='lat' dir='ltr'>bist</span> <span class='ocrx_word' id='word_1_293' title='bbox 610 3601 662 3654; x_wconf 84' lang='lat' dir='ltr'>mir</span> <span class='ocrx_word' id='word_1_294' title='bbox 679 3600 839 3654; x_wconf 80' lang='lat' dir='ltr'>verlichtlich</span> <span class='ocrx_word' id='word_1_295' title='bbox 857 3600 1025 3668; x_wconf 84' lang='lat' dir='ltr'>geworden“.</span> 
     </span>
    </p>
   </div>
   <div class='ocr_carea' id='block_1_5' title="bbox 130 3706 757 3776">
    <p class='ocr_par' dir='ltr' id='par_1_7' title="bbox 130 3706 757 3776">
     <span class='ocr_line' id='line_1_32' title="bbox 130 3706 757 3776; baseline -0.005 -12"><span class='ocrx_word' id='word_1_296' title='bbox 130 3717 154 3764; x_wconf 73' lang='lat' dir='ltr'>a.</span> <span class='ocrx_word' id='word_1_297' title='bbox 173 3706 300 3776; x_wconf 74' lang='lat' dir='ltr'>replere]</span> <span class='ocrx_word' id='word_1_298' title='bbox 319 3707 383 3775; x_wconf 87' lang='lat' dir='ltr'>„ich</span> <span class='ocrx_word' id='word_1_299' title='bbox 401 3708 470 3760; x_wconf 83' lang='lat' dir='ltr'>lasse</span> <span class='ocrx_word' id='word_1_300' title='bbox 488 3707 757 3761; x_wconf 84' lang='lat' dir='ltr'>auelrundscbaften“.</span> 
     </span>
    </p>
   </div>
   <div class='ocr_carea' id='block_1_6' title="bbox 60 3810 1373 4430">
    <p class='ocr_par' dir='ltr' id='par_1_8' title="bbox 60 3810 1286 4059">
     <span class='ocr_line' id='line_1_33' title="bbox 128 3810 1284 3883; baseline -0.002 -13"><span class='ocrx_word' id='word_1_301' title='bbox 128 3812 208 3883; x_wconf 69' lang='lat' dir='ltr'>lup.</span> <span class='ocrx_word' id='word_1_302' title='bbox 229 3811 279 3868; x_wconf 73' lang='lat' dir='ltr'>bt.</span> <span class='ocrx_word' id='word_1_303' title='bbox 320 3825 328 3865; x_wconf 81' lang='lat'>1</span> <span class='ocrx_word' id='word_1_304' title='bbox 347 3830 372 3864; x_wconf 87' lang='lat' dir='ltr'>u.</span> <span class='ocrx_word' id='word_1_305' title='bbox 388 3823 411 3868; x_wconf 78' lang='lat' dir='ltr'>a.</span> <span class='ocrx_word' id='word_1_306' title='bbox 426 3813 569 3880; x_wconf 76' lang='lat' dir='ltr'>perculis]</span> <span class='ocrx_word' id='word_1_307' title='bbox 588 3829 673 3881; x_wconf 90' lang='lat' dir='ltr'>„nur</span> <span class='ocrx_word' id='word_1_308' title='bbox 690 3810 904 3866; x_wconf 84' lang='lat' dir='ltr'>unbedoutond“.</span> <span class='ocrx_word' id='word_1_309' title='bbox 924 3841 957 3850; x_wconf 92' lang='lat'><em>-</em></span> <span class='ocrx_word' id='word_1_310' title='bbox 972 3813 1112 3880; x_wconf 67' lang='lat' dir='ltr'>proelium</span> <span class='ocrx_word' id='word_1_311' title='bbox 1129 3812 1233 3882; x_wconf 64' lang='lat' dir='ltr'>faama]</span> <span class='ocrx_word' id='word_1_312' title='bbox 1252 3837 1284 3856; x_wconf 86' lang='lat'>==</span> 
     </span>
     <span class='ocr_line' id='line_1_34' title="bbox 60 3899 1286 3980; baseline -0.002 -22"><span class='ocrx_word' id='word_1_313' title='bbox 60 3901 193 3968; x_wconf 71' lang='lat' dir='ltr'>proelium</span> <span class='ocrx_word' id='word_1_314' title='bbox 211 3901 379 3958; x_wconf 75' lang='lat' dir='ltr'>committere</span> <span class='ocrx_word' id='word_1_315' title='bbox 384 3919 395 3970; x_wconf 86' lang='lat'>‚·</span> <span class='ocrx_word' id='word_1_316' title='bbox 408 3901 548 3972; x_wconf 69' lang='lat' dir='ltr'>proelium</span> <span class='ocrx_word' id='word_1_317' title='bbox 564 3902 613 3968; x_wconf 74' lang='lat' dir='ltr'>fit:</span> <span class='ocrx_word' id='word_1_318' title='bbox 638 3918 686 3970; x_wconf 86' lang='lat' dir='ltr'>„os</span> <span class='ocrx_word' id='word_1_319' title='bbox 703 3901 804 3956; x_wconf 87' lang='lat' dir='ltr'>lrommt</span> <span class='ocrx_word' id='word_1_320' title='bbox 822 3917 854 3954; x_wconf 79' lang='lat' dir='ltr'>ru</span> <span class='ocrx_word' id='word_1_321' title='bbox 872 3899 956 3954; x_wconf 85' lang='lat' dir='ltr'>ciuem</span> <span class='ocrx_word' id='word_1_322' title='bbox 973 3899 1106 3955; x_wconf 83' lang='lat' dir='ltr'>Treffen“.</span> <span class='ocrx_word' id='word_1_323' title='bbox 1125 3931 1159 3938; x_wconf 90' lang='lat'>—</span> <span class='ocrx_word' id='word_1_324' title='bbox 1177 3917 1205 3956; x_wconf 80' lang='lat' dir='ltr'>sc</span> <span class='ocrx_word' id='word_1_325' title='bbox 1223 3917 1286 3980; x_wconf 63' lang='lat' dir='ltr'>core</span> 
     </span>
     <span class='ocr_line' id='line_1_35' title="bbox 64 3989 740 4059; baseline 0.004 -18"><span class='ocrx_word' id='word_1_326' title='bbox 64 3989 162 4058; x_wconf 77' lang='lat' dir='ltr'>lineat]</span> <span class='ocrx_word' id='word_1_327' title='bbox 186 3989 233 4058; x_wconf 86' lang='lat' dir='ltr'>IV,</span> <span class='ocrx_word' id='word_1_328' title='bbox 252 3989 295 4058; x_wconf 82' lang='lat'>34,</span> <span class='ocrx_word' id='word_1_329' title='bbox 314 3990 340 4056; x_wconf 78' lang='grc'>2.</span> <span class='ocrx_word' id='word_1_330' title='bbox 360 4019 393 4028; x_wconf 92' lang='lat'><em>-</em></span> <span class='ocrx_word' id='word_1_331' title='bbox 413 3989 570 4059; x_wconf 71' lang='lat' dir='ltr'>macentia]</span> <span class='ocrx_word' id='word_1_332' title='bbox 587 3989 633 4057; x_wconf 85' lang='lat' dir='ltr'>IV,</span> <span class='ocrx_word' id='word_1_333' title='bbox 651 3989 695 4056; x_wconf 79' lang='grc'>37,</span> <span class='ocrx_word' id='word_1_334' title='bbox 714 3990 740 4044; x_wconf 78' lang='grc'>2.</span> 
     </span>
    </p>

    <p class='ocr_par' dir='ltr' id='par_1_9' title="bbox 63 4094 1373 4430">
     <span class='ocr_line' id='line_1_36' title="bbox 133 4094 1373 4164; baseline -0.002 -12"><span class='ocrx_word' id='word_1_335' title='bbox 133 4095 427 4164; x_wconf 74' lang='lat' dir='ltr'>s.0aoeae]nsm1ich</span> <span class='ocrx_word' id='word_1_336' title='bbox 450 4112 501 4152; x_wconf 83' lang='lat' dir='ltr'>sao</span> <span class='ocrx_word' id='word_1_337' title='bbox 524 4113 552 4152; x_wconf 78' lang='lat' dir='ltr'>sc</span> <span class='ocrx_word' id='word_1_338' title='bbox 574 4097 632 4152; x_wconf 87' lang='lat' dir='ltr'>loco</span> <span class='ocrx_word' id='word_1_339' title='bbox 655 4096 781 4152; x_wconf 66' lang='lat' dir='ltr'>cerebra.</span> <span class='ocrx_word' id='word_1_340' title='bbox 806 4124 840 4133; x_wconf 88' lang='lat'><em>-</em></span> <span class='ocrx_word' id='word_1_341' title='bbox 865 4095 950 4149; x_wconf 77' lang='lat' dir='ltr'>si..</span> <span class='ocrx_word' id='word_1_342' title='bbox 967 4094 1013 4162; x_wconf 80' lang='lat' dir='ltr'>at]</span> <span class='ocrx_word' id='word_1_343' title='bbox 1037 4094 1096 4150; x_wconf 87' lang='lat' dir='ltr'>Wir</span> <span class='ocrx_word' id='word_1_344' title='bbox 1112 4099 1218 4150; x_wconf 72' lang='lat' dir='ltr'>missen</span> <span class='ocrx_word' id='word_1_345' title='bbox 1235 4095 1286 4150; x_wconf 80' lang='lat' dir='ltr'>den</span> <span class='ocrx_word' id='word_1_346' title='bbox 1370 4130 1373 4135; x_wconf 67' lang='lat'><em>‹</em></span> 
     </span>
     <span class='ocr_line' id='line_1_37' title="bbox 63 4183 1286 4256; baseline -0.003 -16"><span class='ocrx_word' id='word_1_347' title='bbox 63 4183 288 4256; x_wconf 74' lang='lat' dir='ltr'>Bndingungssatz</span> <span class='ocrx_word' id='word_1_348' title='bbox 301 4185 330 4239; x_wconf 91' lang='lat' dir='ltr'>in</span> <span class='ocrx_word' id='word_1_349' title='bbox 344 4184 395 4240; x_wconf 90' lang='lat' dir='ltr'>den</span> <span class='ocrx_word' id='word_1_350' title='bbox 407 4183 592 4240; x_wconf 81' lang='lat' dir='ltr'>Absiohtssstr</span> <span class='ocrx_word' id='word_1_351' title='bbox 605 4185 734 4254; x_wconf 75' lang='lat' dir='ltr'>eiussigen.</span> <span class='ocrx_word' id='word_1_352' title='bbox 754 4213 787 4222; x_wconf 93' lang='lat'>-—</span> <span class='ocrx_word' id='word_1_353' title='bbox 807 4183 1114 4252; x_wconf 66' lang='lat' dir='ltr'>rememoratione]</span> <span class='ocrx_word' id='word_1_354' title='bbox 1133 4183 1286 4238; x_wconf 79' lang='lat' dir='ltr'>Vorwmdlo</span> 
     </span>
     <span class='ocr_line' id='line_1_38' title="bbox 63 4269 1285 4343; baseline -0.002 -15"><span class='ocrx_word' id='word_1_355' title='bbox 63 4271 107 4328; x_wconf 80' lang='lat' dir='ltr'>das</span> <span class='ocrx_word' id='word_1_356' title='bbox 124 4274 275 4343; x_wconf 73' lang='lat' dir='ltr'>regiereme</span> <span class='ocrx_word' id='word_1_357' title='bbox 289 4272 445 4330; x_wconf 79' lang='lat' dir='ltr'>Substantir</span> <span class='ocrx_word' id='word_1_358' title='bbox 461 4273 489 4328; x_wconf 91' lang='lat' dir='ltr'>in</span> <span class='ocrx_word' id='word_1_359' title='bbox 508 4273 550 4328; x_wconf 89' lang='lat' dir='ltr'>eiu</span> <span class='ocrx_word' id='word_1_360' title='bbox 567 4272 706 4342; x_wconf 82' lang='lat' dir='ltr'>Adjelrtiv!</span> <span class='ocrx_word' id='word_1_361' title='bbox 726 4302 760 4311; x_wconf 93' lang='lat'>-—</span> <span class='ocrx_word' id='word_1_362' title='bbox 779 4272 880 4338; x_wconf 72' lang='lat' dir='ltr'>bocum</span> <span class='ocrx_word' id='word_1_363' title='bbox 897 4272 930 4326; x_wconf 80' lang='lat' dir='ltr'>tn</span> <span class='ocrx_word' id='word_1_364' title='bbox 948 4275 1029 4326; x_wconf 63' lang='lat' dir='ltr'>traam</span> <span class='ocrx_word' id='word_1_365' title='bbox 1047 4272 1137 4326; x_wconf 70' lang='lat' dir='ltr'>boum</span> <span class='ocrx_word' id='word_1_366' title='bbox 1153 4269 1285 4338; x_wconf 69' lang='lat' dir='ltr'>dimasto]</span> 
     </span>
     <span class='ocr_line' id='line_1_39' title="bbox 63 4359 1286 4430; baseline -0.002 -14"><span class='ocrx_word' id='word_1_367' title='bbox 63 4401 77 4418; x_wconf 82' lang='grc'>..</span> <span class='ocrx_word' id='word_1_368' title='bbox 83 4361 118 4415; x_wconf 88' lang='lat' dir='ltr'>du</span> <span class='ocrx_word' id='word_1_369' title='bbox 136 4363 199 4417; x_wconf 82' lang='lat' dir='ltr'>hest</span> <span class='ocrx_word' id='word_1_370' title='bbox 216 4363 267 4417; x_wconf 87' lang='lat' dir='ltr'>den</span> <span class='ocrx_word' id='word_1_371' title='bbox 285 4361 366 4416; x_wconf 86' lang='lat' dir='ltr'>Feind</span> <span class='ocrx_word' id='word_1_372' title='bbox 385 4362 432 4416; x_wconf 87' lang='lat' dir='ltr'>auf</span> <span class='ocrx_word' id='word_1_373' title='bbox 447 4363 521 4416; x_wconf 90' lang='lat' dir='ltr'>einen</span> <span class='ocrx_word' id='word_1_374' title='bbox 539 4362 582 4418; x_wconf 82' lang='lat' dir='ltr'>fiir</span> <span class='ocrx_word' id='word_1_375' title='bbox 599 4361 660 4416; x_wconf 87' lang='lat' dir='ltr'>dieb</span> <span class='ocrx_word' id='word_1_376' title='bbox 677 4360 819 4430; x_wconf 79' lang='lat' dir='ltr'>giiustigen</span> <span class='ocrx_word' id='word_1_377' title='bbox 836 4359 928 4414; x_wconf 88' lang='lat' dir='ltr'>Boden</span> <span class='ocrx_word' id='word_1_378' title='bbox 945 4384 977 4404; x_wconf 63' lang='grc' dir='ltr'><em>τ</em></span> <span class='ocrx_word' id='word_1_379' title='bbox 997 4360 1025 4416; x_wconf 88' lang='lat' dir='ltr'>iu</span> <span class='ocrx_word' id='word_1_380' title='bbox 1048 4360 1105 4415; x_wconf 87' lang='lat' dir='ltr'>eine</span> <span class='ocrx_word' id='word_1_381' title='bbox 1125 4359 1286 4428; x_wconf 74' lang='lat' dir='ltr'>ungiinstige</span> 
     </span>
    </p>
   </div>
   <div class='ocr_carea' id='block_1_7' title="bbox 0 0 1548 4920">
    <p class='ocr_par' dir='ltr' id='par_1_10' title="bbox 0 0 1548 4920">
     <span class='ocr_line' id='line_1_40' title="bbox 0 0 1548 4920; baseline 0 3"><span class='ocrx_word' id='word_1_382' title='bbox 0 0 1548 4920; x_wconf 95' lang='lat' dir='ltr'> </span> 
     </span>
    </p>
   </div>
  </div>
 </body>
</html>
