3136 4928
264 355 319 418 8⁸26
757 359 797 413 De
815 359 884 413 bello
902 356 1002 415 Gallico

266 520 566 586 animadvertissent
590 538 626 584 ac
649 539 781 584 numero
805 521 982 602 superiores
1005 520 1202 604 paucitatem
1217 521 1493 604 contempsissent,

240 627 410 712 acupidius
433 627 570 691 insecuti
598 625 758 709 peditibus
789 627 930 709 undique
961 628 1037 690 sunt
1067 625 1264 691 circumdati.
1311 625 1381 706 Quo
1413 627 1494 692 facto

265 734 443 818 perturbati
466 734 610 810 celerius,
634 752 732 815 quam
754 733 950 798 consuetudo
974 732 1036 797 fert
1060 733 1218 814 equestris
1241 735 1362 816 proclii,
1387 754 1424 798 se
1447 753 1493 798 rc·

265 843 419 924 ceperunt
449 841 566 904 amisso
589 839 751 917 Vertisoo,
780 837 920 923 principe
951 840 1106 917 civitatis,
1135 839 1296 922 pracfeoto
1332 842 1494 922 equitum;

241 948 322 1030 equi
345 967 418 1012 cum
442 947 492 1011 vir
516 966 597 1029 equo
621 949 749 1033 propter
779 949 920 1011 aetatem
951 948 1060 1028 posset
1091 946 1154 1022 uti,
1185 949 1296 1011 temen
1325 950 1496 1012 consuetu·

266 1053 338 1118 dine
355 1053 520 1119 Gallorum
540 1071 643 1134 neque
665 1054 781 1117 aetatis
803 1053 1003 1118 excusatione
1025 1053 1059 1116 in
1075 1052 1275 1135 suscipienda
1291 1053 1494 1136 praefectura

240 1179 343 1224 ausus
360 1163 429 1224 erat
444 1178 547 1241 neque
564 1159 707 1224 dimicari
723 1160 790 1224 sine
807 1179 840 1224 se
854 1160 1005 1224 voluerat.
1027 1158 1188 1223 Inflantur
1204 1160 1301 1242 etque
1318 1161 1494 1225 incitantur

199 1291 201 1298 ·
265 1266 406 1330 hostium
423 1265 522 1330 animi
538 1265 675 1330 seeundo
690 1266 817 1348 proelio,
833 1266 973 1349 principe
986 1267 1019 1330 et
1030 1264 1190 1348 praefecto
1203 1266 1381 1330 Remorum
1396 1268 1497 1331 inter-

241 1371 356 1450 rteotq
379 1373 542 1454 nostrique
566 1372 757 1437 detrimento
781 1372 993 1437 admonentur
1016 1372 1200 1454 diligentius
1217 1373 1391 1456 exploratis
1414 1375 1492 1438 locis

266 1480 419 1544 stationes
443 1478 608 1561 disponere
632 1497 669 1543 sc
691 1477 888 1543 moderatius
912 1478 1078 1543 cedentem
1100 1479 1226 1560 insequi
1249 1479 1388 1544 hostem.

213 1589 255 1650 13
353 1585 425 1651 Non
464 1573 685 1650 intermittunt
721 1585 850 1650 interim
888 1585 1047 1650 cotidiana
1084 1586 1205 1668 proelia
1249 1585 1283 1648 in
1323 1589 1494 1669 conspeetu

265 1695 474 1774 utrorumque
498 1694 685 1768 castrorum,
710 1710 791 1773 quae
813 1691 853 1755 ed
869 1691 950 1756 vada
973 1691 1192 1773 transitusque
1215 1691 1336 1756 fiebant
1360 1693 1494 1776 paludis.

241 1797 337 1878 rQua
374 1799 574 1863 contentione
613 1797 784 1875 Germani,
831 1817 909 1880 quos
948 1801 1114 1881 propterea
1150 1798 1268 1864 Caesar
1307 1800 1494 1864 traduxerat

264 1905 427 1983 Rhenum,
458 1907 496 1968 ut
520 1905 680 1986 equitibus
703 1905 882 1988 interpositi
912 1905 1158 1987 proeliarentur,
1188 1924 1262 1969 eum
1291 1909 1493 1972 coustantius

264 2011 405 2075 universi
426 2011 577 2094 paludem
600 2012 792 2076 transissent
822 2012 997 2095 paucisque
1020 2030 1037 2076 e
1060 2012 1285 2077 resistentibus
1314 2013 1491 2078 interfectis

265 2117 459 2200 pertinacius
482 2118 640 2199 reliquam
662 2117 904 2182 multitudinem
928 2120 1035 2183 essent
1057 2119 1209 2195 insecuti,
1238 2120 1403 2201 perterriti
1431 2139 1492 2184 non

266 2223 369 2288 solum
392 2222 429 2302 ii,
454 2223 508 2304 qui
532 2227 589 2288 aut
612 2225 789 2289 comminus
820 2225 1078 2308 opprimebantur
1109 2228 1168 2289 aut
1198 2225 1322 2290 eminus
1346 2227 1494 2292 vulnera-

264 2330 396 2406 buntur,
428 2330 483 2395 scd
508 2331 621 2407 etiam,
646 2331 700 2411 qui
722 2331 848 2413 longius
879 2330 1050 2396 subsidiari
1079 2334 1325 2409 consueverant,
1355 2335 1493 2416 turpiter

240 2436 452 2519 srefugerunt
474 2456 533 2502 nec
555 2438 643 2520 prius
666 2438 764 2503 tinem
787 2437 881 2520 fugae
905 2437 1050 2503 iecerunt
1072 2455 1166 2521 saepe
1196 2438 1322 2503 amissis
1353 2441 1494 2523 superio·

264 2543 352 2609 ribus
376 2544 469 2621 locis,
499 2563 596 2625 quam
620 2563 654 2608 se
678 2547 735 2608 aut
758 2545 790 2608 in
814 2546 920 2609 eastra
948 2563 1080 2609 suorum
1108 2545 1299 2628 reciperent,
1329 2548 1389 2610 eut
1417 2566 1494 2612 non·

266 2827 402 2896 ‚,Dienst“
422 2843 480 2880 zum
499 2825 618 2894 Subjekt.
639 2853 670 2864 —-
690 2844 804 2882 numero
821 2826 991 2896 superiores]
1011 2827 1060 2894 „in
1078 2827 1125 2880 der
1138 2817 1335 2894 iibermseht“;
1354 2829 1402 2882 das
1417 2829 1494 2884 Wort

265 2915 373 2982 „zahi‘
389 2913 521 2968 verwende
534 2914 576 2967 bei
589 2917 729 2982 paucitas.
749 2945 783 2954 -
802 2915 981 2984 contemnere]
995 2915 1062 2986 Kap.
1076 2917 1101 2982 8,
1117 2918 1142 2970 l.
1162 2945 1196 2954 —
1216 2915 1347 2986 cupidius
1361 2918 1493 2985 insecuta]

264 3004 410 3060 verwandle
428 3004 456 3057 in
474 3003 549 3058 einen
567 3001 730 3056 Nebensstz!
1550 3001 1551 3006 ’

339 3116 361 3156 s.
381 3118 449 3170 equo
526 3101 582 3169 ati]
603 3118 656 3167 „zu
670 3100 762 3154 Pforde
776 3102 890 3156 sitzen“.
910 3131 943 3140 —
963 3102 1140 3157 crematione
1218 3117 1287 3157 usas
1300 3103 1375 3171 erut]
1395 3108 1494 3159 ersetze

264 3191 363 3246 durchs
376 3190 460 3245 bloise
473 3190 602 3256 Verbum;
622 3188 672 3242 den
687 3189 761 3243 dabei
776 3190 920 3244 stehenden
934 3188 1045 3244 Genetiv
1058 3190 1187 3244 bshsndle
1200 3191 1267 3244 nach
1281 3191 1414 3246 Praefatio
1428 3195 1459 3248 1!

338 3301 390 3342 su.
407 3302 431 3343 r.
449 3288 590 3356 infloretur
608 3292 691 3356 atque
709 3287 878 3357 incitantur]
897 3288 1052 3341 bezeichnen
1065 3288 1107 3342 die
1121 3287 1356 3356 Autgeblasenheit
1374 3290 1430 3344 und
1445 3292 1493 3346 den

264 3367 395 3431 iibermut
412 3376 459 3430 der
477 3373 584 3430 Galiier.
604 3403 638 3413 -
657 3375 820 3444 dilipentiue
837 3376 989 3444 exploratis
1008 3375 1085 3444 locis]
1104 3375 1209 3430 enthiilt
1228 3376 1278 3430 den
1297 3375 1494 3448 Hauptbcgriff.

265 3464 315 3519 den
343 3465 390 3517 wir
417 3464 484 3517 auch
510 3463 538 3516 in
566 3463 613 3517 dor
636 3453 818 3533 Ubersetzung
846 3464 904 3518 dem
932 3465 1065 3520 stationes
1090 3464 1236 3532 disponere
1259 3466 1433 3522 tiberordnen.
1462 3499 1494 3508 —

264 3553 443 3621 rwderatiae]
462 3577 497 3597 =
515 3553 608 3609 miuus
626 3553 734 3608 aeriter.

336 3650 415 3718 Kap.
437 3651 488 3706 13.
531 3663 538 3702 ι
557 3668 580 3700 u.
599 3662 621 3705 ι.
644 3667 702 3705 aaa
719 3651 918 3719 intermitteret]
942 3651 1000 3705 hier
1016 3650 1183 3718 intransitiv;
1203 3670 1223 3707 s.
1243 3651 1304 3707 Aul.
1325 3652 1354 3708 C.
1375 3683 1410 3693 -
1432 3671 1495 3710 corr·

264 3739 399 3807 omnbus]
425 3740 474 3805 „in
493 3739 574 3794 tester
591 3737 742 3809 Hsibmg·“.
770 3767 802 3776 —
828 3741 979 3795 cornminus
1057 3741 1174 3808 eminas]
1199 3741 1249 3795 Die
1273 3743 1350 3796 einen
1375 3743 1494 3798 betindon

265 3828 322 3882 siah
344 3829 381 3881 im
406 3828 624 3896 Handgemenge,
650 3827 692 3882 dio
716 3827 814 3882 andern
838 3828 907 3882 blois
931 3829 998 3882 noch
1022 3829 1160 3883 innerhalh
1184 3829 1230 3883 der
1255 3829 1438 3886 Schussweite.
1463 3863 1493 3871 -

265 3918 373 3987 baptor
390 3917 556 3986 subsidiari]
581 3917 617 3971 Es
641 3918 744 3972 scheint
768 3917 906 3984 demnsch‚
932 3917 990 3971 dass
1015 3919 1122 3986 stindig
1139 3918 1265 3987 gallisehe
1283 3919 1494 3988 Mannschaiten,

264 4006 332 4060 auch
357 4006 444 4060 solchc
469 4007 497 4059 in
520 4006 651 4075 grissorer
668 4005 834 4076 Entfernung
850 4023 909 4060 vom
927 4007 1046 4077 Sumpie,
1072 4008 1232 4075 angcwiesen
1251 4025 1352 4076 waren,
1378 4011 1422 4064 hei
1441 4011 1495 4065 der·

264 4095 368 4165 artigen
386 4094 514 4165 Kimpten
533 4095 572 4149 als
590 4096 703 4150 Reserve
722 4111 753 4149 zu
772 4096 872 4150 dienen.

338 4206 361 4248 s.
386 4193 494 4248 amissio
511 4194 701 4262 superioribus
719 4194 795 4262 tocie]
820 4193 886 4247 Deis
910 4194 947 4247 sie
965 4193 1040 4248 nicht
1058 4193 1154 4248 einmsl
1172 4193 1268 4248 hbhera
1286 4193 1446 4266 Stellungeu
1464 4215 1494 4250 zu

264 4283 357 4337 holten
374 4285 524 4350 venndgen,
550 4283 661 4336 sondern
680 4283 819 4351 autgeben,
845 4283 965 4349 beweist,
990 4281 1048 4337 dass
1073 4282 1111 4336 sie
1136 4299 1202 4351 ganz
1220 4283 1355 4352 autgeltst
1374 4287 1442 4341 sind.
1461 4316 1491 4326 -

264 4371 403 4439 mactet]
422 4371 486 4424 Zum
500 4369 556 4424 Teii
571 4371 704 4425 schtmten
720 4372 757 4424 sie
771 4371 834 4440 sich,
854 4388 883 4426 so
897 4388 944 4426 vor
956 4372 1006 4426 den
1020 4371 1126 4439 Ihrigen
1140 4372 1177 4425 im
1190 4371 1274 4441 Inger
1288 4389 1322 4428 zu
1335 4375 1490 4430 erscheinen.
