3086 4920
526 345 624 402 Comm.
642 347 687 414 VI,
706 363 728 400 e.
746 348 860 402 23-26.
1252 345 1303 406 211

72 507 316 590 provinciarum
339 507 558 590 propinquitas
582 510 613 572 et
636 507 922 572 transmarinarum
944 527 1052 572 rerum
1074 508 1187 573 notitia
1202 510 1306 574 multa

74 613 117 677 ad
135 615 262 697 oopiam
278 616 375 696 etque
390 633 468 678 usus
484 614 628 696 largitur,
652 614 806 696 paulatim
823 613 997 678 adsuefacti
1017 615 1159 697 superari
1180 617 1330 680 multis-o

74 739 141 801 que
166 721 245 785 vieti
267 720 393 803 proeliis
416 738 456 784 ne
480 739 513 784 se
537 720 666 802 quidem
688 720 750 802 ipsi
772 739 845 784 oum
867 720 931 784 illis
954 721 1070 785 virtuto
1090 725 1283 804 comparant.

169 827 277 892 Huius
299 826 478 910 Hercyniae
508 828 620 902 silvae,
653 845 733 909 quae
765 845 861 910 supra
891 826 1109 892 demonstrata
1139 831 1202 905 est,
1233 829 1357 894 lati-25

73 933 158 997 tudo
188 952 304 998 novom
331 933 456 998 dierum
484 935 545 998 iter
574 933 717 1016 expedito
746 935 853 1017 patet3
887 952 951 998 non
981 935 1065 998 enim
1095 935 1189 999 aliter
1222 935 1306 998 finiri

73 1042 203 1122 potest,
231 1059 336 1122 neque
359 1059 525 1105 mensuras
555 1040 706 1105 itinerum
734 1029 899 1105 noverunt.
945 1039 1055 1105 Oritur
1084 1043 1123 1106 ab
1146 1041 1331 1106 Helvetios

74 1165 154 1211 rum
185 1149 219 1211 et
247 1147 420 1212 Nemetum
449 1150 481 1212 et
510 1147 720 1212 Raurioorum
748 1146 864 1212 finibus
893 1149 1042 1229 reeteque
1072 1147 1212 1212 fluminis
1241 1149 1307 1212 Da·

73 1253 169 1318 nuvii
200 1253 329 1335 regione
356 1253 495 1336 pertinet
524 1253 565 1317 ad
593 1253 672 1318 fines
704 1254 865 1318 Daoorum
896 1256 929 1318 et
950 1254 1138 1328 Anartium
1165 1254 1242 1320 hine
1272 1274 1331 1320 ses

75 1360 182 1426 fleotit
214 1360 415 1424 sinistrorsus
447 1360 579 1424 diversis
614 1362 654 1425 ab
688 1360 818 1424 flumine
852 1360 1031 1442 regionibus
1066 1361 1305 1442 multarumque

75 1467 228 1549 gentium
259 1467 338 1531 fines
371 1469 499 1550 propter
528 1466 782 1549 magnitudinem
815 1466 963 1548 attingit;
998 1485 1100 1549 neque
1137 1464 1330 1550 quisquamr

77 1576 131 1638 est
161 1573 260 1637 huius
285 1572 489 1650 Germaniae,
519 1573 574 1655 qui
605 1592 638 1638 so
668 1575 725 1637 aut
755 1573 858 1638 adisse
888 1573 930 1636 ad
959 1573 1086 1637 initium
1118 1574 1185 1638 eius
1209 1574 1312 1664 silvae

78 1680 183 1756 dieat,
208 1699 282 1744 oum
306 1679 429 1745 dierum
451 1680 512 1745 iter
534 1681 592 1744 LX
613 1681 817 1764 processerit,
848 1681 919 1757 aut,
943 1699 1005 1761 qno
1028 1699 1066 1744 ex
1087 1681 1155 1746 loeo
1179 1680 1307 1757 oriatur,

79 1787 259 1870 eooeperit3
294 1788 459 1869 multaque
488 1787 521 1850 in
551 1805 588 1852 ea
618 1805 733 1868 genera
763 1787 903 1852 ferarum
930 1788 1020 1851 nasei
1050 1789 1190 1864 constat,
1226 1805 1332 1868 quaes

78 1893 217 1975 reliquis
240 1893 274 1956 in
296 1895 464 1958 loeis-visa
485 1913 550 1958 non
574 1893 646 1958 sint.
688 1895 735 1958 Er
758 1894 872 1975 quibus
897 1912 977 1975 quae
1001 1895 1137 1958 maxime
1161 1892 1308 1958 differant

81 1996 122 2065 ab
148 2001 264 2065 ueteris
288 2003 321 2064 et
342 2001 512 2066 memoriae
535 2000 696 2084 prodenda
719 2001 895 2078 videantur,
918 2001 997 2066 haee
1020 2002 1105 2065 sunt.

173 2107 235 2171 Est
257 2108 313 2171 bos
337 2107 421 2171 oervi
442 2106 554 2188 figura,
577 2107 667 2171 errius
691 2125 710 2172 a
732 2108 837 2172 media
859 2107 961 2172 fronte
984 2109 1067 2172 inter
1092 2126 1183 2171 eures
1206 2110 1362 2171 unumtt

82 2233 184 2279 oornu
210 2213 334 2278 exsistit
357 2214 698 2294 exeelsius-magisque
722 2213 885 2278 demotum
914 2215 979 2291 his,
1003 2233 1085 2296 quae
1114 2214 1204 2278 nobis
1233 2215 1309 2277 nota

82 2323 170 2397 sunt,
195 2321 358 2395 eornibus3
382 2321 422 2384 ab
446 2319 513 2384 eius
538 2338 662 2383 summo
687 2321 770 2384 siout
791 2321 916 2404 palmae
939 2321 1083 2402 ramique
1106 2321 1171 2384 late
1195 2319 1334 2383 didon-2

160 2599 183 2640 o.
205 2586 424 2654 praeductorem]
448 2585 544 2639 Auiser
562 2585 659 2639 Gallia
682 2586 860 2652 transalpina
882 2586 981 2638 kommt
1003 2584 1100 2638 Gallia
1122 2585 1259 2653 cisalpina
1282 2584 1309 2636 in

83 2673 224 2729 Betraeht.
251 2705 285 2712 —
310 2675 413 2742 reram]
438 2674 474 2728 Es
498 2674 558 2728 sind
581 2674 796 2728 Hundelsartikel
820 2675 942 2741 gemeint.
969 2701 1001 2711 -·
1026 2674 1113 2727 multa
1138 2673 1176 2726 ad
1202 2673 1310 2742 copiam

84 2769 171 2833 utpote
189 2762 268 2830 usito]
287 2763 346 2816 Wir
363 2763 436 2830 „viel
449 2763 609 2817 Wohlstand
622 2764 677 2818 und
691 2760 837 2818 Geniisse“.
856 2793 892 2800 —
909 2763 1034 2830 superor]
1053 2787 1088 2806 =
1106 2761 1224 2827 inferior
1241 2779 1309 2816 sam.

158 2852 238 2920 Kap.
258 2852 310 2908 25.
352 2865 373 2907 ι.
392 2852 475 2908 auios
540 2853 627 2908 siloae
693 2852 815 2907 latitudo
830 2851 967 2921 ...potet]
986 2851 1077 2904 Mache
1091 2851 1142 2905 den
1156 2851 1233 2904 Wald
1252 2867 1310 2904 zum

84 2942 213 3011 Subjekt!
233 2971 267 2982 —-
287 2941 422 3011 empedito]
440 2942 506 2996 Deis
524 2943 580 2996 eins
599 2941 779 3010 Ausdehnung
796 2940 862 2994 neoh
876 2940 1030 3008 Tagoreisen
1048 2940 1118 2992 eines
1136 2943 1218 3007 gutsn
1236 2938 1309 2992 Fuis-

84 3037 202 3100 gingors
215 3031 353 3085 bestimmt
365 3031 438 3097 uird,
451 3030 534 3085 findet
547 3031 604 3084 sioh
617 3031 657 3084 oft
669 3030 711 3084 bei
725 3031 774 3083 den
789 3027 924 3084 Grieehen.
939 3057 970 3068 ·-—
990 3028 1080 3096 fiatri]
1098 3029 1164 3098 Kap.
1182 3030 1222 3094 18,
1237 3029 1262 3082 2,
1277 3057 1308 3064 -

84 3136 231 3175 memmae
245 3119 390 3186 itinerum]
408 3119 463 3173 Das
476 3120 580 3174 iibliohe
594 3119 727 3186 Wegmais
741 3119 782 3172 bei
797 3119 846 3172 den
859 3119 971 3171 Rdniern
990 3119 1028 3170 ist
1045 3118 1123 3170 milia
1136 3133 1279 3185 passuum.

161 3221 216 3262 nn.
233 3221 256 3262 a.
279 3213 358 3262 roceo
435 3209 556 3278 regione]
581 3208 657 3262 Aueh
674 3209 722 3261 wir
739 3208 840 3261 ktnnen
860 3207 1012 3277 ,‚parallel“·
1031 3206 1209 3260 umsehreiben
1228 3205 1309 3258 dordr

85 3300 136 3366 „in
150 3297 262 3367 gerader
275 3297 410 3366 Riohtung
423 3315 455 3351 zu
475 3298 542 3351 ...“.
562 3324 596 3334 --
616 3296 731 3351 diversis
749 3315 767 3350 a
784 3296 897 3365 simoniae
914 3296 1081 3364 ropionibus]
1101 3295 1136 3348 Er
1154 3295 1238 3348 bildet
1255 3295 1310 3348 also

85 3388 206 3442 mehrere
224 3386 450 3454 Verzweigungen,
470 3385 511 3438 die
530 3386 585 3439 sioh
603 3402 660 3439 vom
678 3385 770 3439 Flusso
789 3385 926 3439 ebkehron.
1062 3455 1064 3460 ,

161 3489 218 3530 ou.
234 3490 257 3530 o.
281 3473 566 3543 transdoromam]
591 3474 703 3528 namlieh
729 3475 757 3528 in
781 3475 840 3528 dem
862 3473 932 3527 Teile
955 3472 1136 3537 Germanum,
1162 3473 1188 3525 in
1213 3472 1263 3525 den
1282 3471 1310 3527 C.

85 3565 200 3633 golangt
217 3581 278 3618 war.
298 3591 331 3601 -
357 3562 445 3631 dicat]
462 3563 524 3617 Anl.
543 3563 593 3618 N&
618 3593 653 3602 -
665 3631 666 3634 Ἴ
677 3564 800 3630 ortator]
812 3564 862 3616 'ist
880 3563 954 3615 hier
971 3579 1020 3615 von
1039 3561 1160 3616 weichem
1178 3561 1250 3614 Ende
1268 3578 1311 3629 ge·

86 3653 193 3708 meint?
214 3683 247 3692 -
266 3652 428 3721 reliquata
441 3653 518 3720 locis]
538 3654 655 3720 „sonst“
669 3653 697 3706 in
712 3652 881 3706 rdumliehem
894 3651 980 3716 Sinus,
1000 3651 1051 3718 vgl.
1066 3650 1131 3721 Kap.
1148 3651 1190 3714 12,
1205 3652 1236 3716 s;
1255 3651 1311 3728 eine

85 3742 290 3797 hinzutretends
302 3741 435 3808 Negation
453 3742 523 3795 kann
541 3741 610 3794 claun
629 3741 679 3794 mit
698 3741 863 3809 „nirgands“
883 3741 1016 3792 tibersotzt
1033 3739 1143 3794 werden.
1163 3769 1196 3777 -
1215 3755 1311 3793 oweno-

86 3831 149 3886 νέαι
162 3829 331 3906 prodenda}
345 3847 365 3884 s.
387 3831 534 3885 laodamia
553 3830 583 3896 V,
601 3832 627 3896 8,
647 3831 671 3884 4.

160 3917 241 3986 Kap.
260 3917 312 3973 26.
353 3931 374 3972 1.
398 3920 478 3973 ouius
496 3936 514 3972 a
532 3918 625 3972 media
642 3918 747 3985 fronte]
773 3916 838 3972 Gieb
857 3917 898 3971 die
917 3917 1025 3970 relative
1043 3917 1234 3971 Konstruktion
1252 3917 1310 3970 auf!

87 4025 120 4062 zu
139 4007 232 4062 mdia
250 4008 301 4076 vgl.
320 4007 352 4074 V,
371 4009 396 4074 3,
415 4008 441 4062 4.
461 4036 494 4046 -
512 4007 601 4076 magis
619 4007 767 4075 dmeotam]
786 4007 841 4060 adso
860 4005 972 4074 wenigor
989 4006 1144 4074 gekriimmt.

163 4108 187 4150 2.
213 4096 248 4150 ab
273 4087 334 4150 aios
355 4097 469 4164 samono]
494 4095 530 4150 Es
552 4097 590 4149 ist
612 4096 654 4149 dio
672 4095 759 4166 Spitze
778 4095 824 4149 des
842 4095 944 4149 Hornes
962 4095 1089 4162 gemeint,
1114 4113 1163 4150 von
1186 4096 1232 4149 der
1252 4095 1312 4164 jane

87 4185 267 4261 Verdstelung
284 4185 408 4240 auslitudt.
427 4215 461 4224 —
479 4186 553 4240 siout
568 4185 680 4253 poturae
698 4184 833 4254 ramique]
853 4184 1016 4252 „gleichsam
1030 4184 1123 4238 Ha'nde
1142 4184 1195 4238 und
1210 4173 1312 4251 Ἀκοῆ

89 4275 175 4328 demit
193 4273 230 4328 ist
248 4274 296 4328 das
314 4259 471 4341 bemiodnet,
491 4291 543 4327 was
561 4275 586 4328 in
602 4290 714 4328 unseren
727 4273 982 4341 Naturgesohiohten
1002 4291 1031 4328 so
1049 4273 1216 4328 besohriebon
1234 4273 1313 4340 vird:

89 4363 139 4416 das
158 4360 264 4419 Geweih
280 4363 319 4418 ist
335 4340 385 4416 mit
402 4362 677 4432 handsormig·itstiger
694 4362 867 4416 Endschaniel
887 4362 1018 4417 versehen.
