3086 4920
513 383 611 439 domm.
630 383 690 452 vrr,
709 401 730 439 ο.
749 385 864 439 ae-ar.
938 361 940 365 ’
1252 381 1306 444 aaa

68 547 157 610 tione
186 546 259 609 ictu
288 546 459 628 scorpionis
490 546 669 609 exanimato
700 546 793 610 alteri
823 547 976 610 successit
1005 546 1120 610 tertius
1149 548 1181 610 et
1208 548 1304 612 tertio

68 654 217 734 quartus,
241 671 301 716 nec
323 653 411 735 prius
434 652 488 716 ille
513 654 562 716 est
586 653 909 735 apropugnatoribus
926 671 1045 717 vacuus
1061 652 1191 718 relictus
1207 655 1329 731 locusr

68 778 170 840 quam
201 759 355 824 restincto
386 777 500 841 aggere
531 761 628 840 atque
660 760 745 823 omni
776 778 813 823 er
840 761 930 842 parte
962 760 1129 824 summotis
1159 759 1304 825 hostibus

67 866 141 930 finis
167 867 219 930 est
241 866 406 948 pugnandi
429 865 544 930 factus.

162 971 281 1038 Omnia
305 973 424 1056 experti
449 971 547 1049 Galli,
572 972 655 1054 quod
678 991 729 1036 res
751 973 841 1036 nulla
865 974 1077 1049 successerat,
1103 974 1230 1056 postero
1254 973 1359 1041 dieas

67 1079 242 1144 consilium
271 1081 423 1162 ceperunt
452 1098 489 1143 er
518 1079 630 1162 oppido
653 1077 822 1162 profugere
845 1079 993 1144 hortante
1017 1080 1050 1143 et
1072 1079 1200 1143 iubente
1224 1079 1305 1144 Ver·

67 1186 277 1268 cingetorige.
321 1185 360 1249 Id
389 1186 515 1249 silentio
545 1185 648 1249 noctis
672 1185 777 1249 conati
799 1204 863 1249 non
885 1204 1003 1267 magna
1024 1186 1149 1250 iactura
1172 1204 1329 1250 suoruma

67 1311 138 1357 sese
165 1291 335 1357 effecturos
359 1292 544 1374 sperabant,
571 1293 739 1374 propterea
767 1291 851 1376 quod
878 1311 982 1373 neque
1008 1293 1101 1374 longe
1126 1293 1165 1360 ab
1189 1293 1302 1376 oppido

68 1402 179 1464 castra
208 1398 480 1481 Vercingetorigis
511 1399 659 1476 aberant,
695 1400 727 1462 et
757 1400 865 1481 palus,
901 1417 982 1480 quae
1016 1401 1171 1482 perpetua
1205 1400 1304 1464 inter-

66 1507 215 1582 cedebat,
238 1506 399 1571 Romanos
423 1507 463 1570 ad
487 1505 722 1587 insequendum
745 1504 904 1571 tardabat.
942 1505 1075 1588 Iamque
1098 1507 1177 1571 haec
1199 1506 1327 1572 faceres

66 1615 168 1678 noctu
193 1613 406 1696 apparabant,
437 1631 510 1678 cum
537 1612 799 1677 matresfamiliae
827 1615 957 1696 repente
985 1614 1018 1676 in
1045 1613 1208 1696 publicum
1231 1633 1303 1697 pro·

66 1722 242 1784 currerunt
263 1719 441 1800 flentesque
464 1719 621 1802 proiectae
651 1720 691 1784 ad
714 1719 810 1802 pedes
834 1739 965 1784 sucrum
988 1721 1133 1784 omnibus
1156 1722 1302 1803 precibus

66 1827 246 1909 petierunt,
274 1809 315 1891 ne
343 1845 376 1891 se
401 1828 433 1891 et
456 1845 640 1891 communes
663 1827 779 1891 liberos
802 1826 947 1891 hostibus
972 1825 1011 1892 ad
1035 1827 1226 1910 supplicium
1249 1828 1302 1892 de-

66 1933 197 2009 derent,
229 1951 309 2014 quos
340 1932 380 1997 ad
410 1932 597 2016 capiendam
627 1933 738 2015 fugam
766 1935 901 1998 naturae
930 1935 963 1998 et
989 1933 1106 1999 virium
1133 1935 1301 2000 infirmitas

66 2039 248 2123 impediret.
293 2039 358 2106 Ubi
381 2059 433 2104 eos
456 2041 488 2103 in
513 2041 672 2105 sententia
694 2043 840 2123 perstare
863 2040 1025 2119 viderunt,
1056 2041 1139 2123 quod
1161 2043 1325 2125 plerum-r

67 2165 128 2228 qua
151 2147 186 2210 in
208 2165 333 2211 summo
348 2148 488 2230 periculo
504 2148 600 2212 timor
616 2147 866 2212 misericordiam
880 2167 944 2213 non
959 2149 1080 2232 recipit,
1103 2149 1300 2214 conclamare

66 2254 99 2316 et
128 2253 310 2334 significare
341 2254 378 2318 de
407 2253 483 2336 fuga
505 2253 658 2318 Romanis
683 2257 863 2337 coeperunt.
910 2254 980 2334 Quo
1002 2256 1116 2319 timore
1139 2256 1326 2338 perterritis

68 2359 170 2436 Galli,
192 2379 233 2424 ne
258 2361 297 2424 ab
322 2361 468 2442 equitatu
490 2361 707 2425 Romanorum
729 2360 798 2425 viae
822 2363 1142 2444 praeoccuparentur,
1170 2362 1300 2426 consilio

66 2466 274 2531 destiterunt.

157 2573 292 2637 Postero
320 2573 370 2638 die
394 2573 512 2638 Caesar
534 2575 679 2656 promota
702 2573 784 2637 turri
807 2573 1006 2654 densetisque
1029 2573 1189 2655 operibus,
1218 2581 1351 2654 quaet?

67 2678 172 2745 facere
203 2680 405 2757 instituerat,
438 2699 555 2762 magno
585 2681 692 2745 coorto
725 2679 827 2744 imbre
861 2699 926 2744 non
958 2679 1107 2743 inutilem
1139 2680 1224 2743 hanc
1258 2679 1299 2743 ad

67 2786 265 2870 capiendum¹
285 2787 451 2851 consilium
475 2789 701 2870 tempestatem
730 2786 903 2850 arbitratus
931 2788 995 2863 est,
1026 2785 1110 2868 quod
1133 2786 1228 2869 paulo
1250 2784 1300 2849 in·

66 2981 204 3048 animato]
229 2980 285 3033 Der
302 2979 389 3034 Kasos
407 2980 445 3034 ist
463 2997 496 3034 an
515 2981 599 3036 atteri
622 2999 654 3034 au
677 2981 815 3036 erheunen.
841 3010 875 3019 —
901 2998 919 3034 a
941 2978 1207 3049 propugnatoribus]
1232 2977 1299 3032 Vom

66 3070 203 3123 einfaehen
221 3069 337 3123 Verbum
351 3085 482 3138 pugnare
500 3070 538 3124 iet
556 3071 602 3124 das
620 3070 869 3124 Verbalsubstantir
887 3070 962 3123 nieht
979 3068 1171 3138 gebrauchlich.

138 3157 218 3226 Καρ.
234 3157 280 3213 26.
314 3171 335 3213 1.
349 3176 373 3212 a.
391 3171 414 3214 2.
434 3160 527 3214 omnia
545 3161 659 3228 cooperti,
678 3158 763 3229 qood}
782 3159 844 3214 Anl.
858 3157 911 3213 ΜΒ.
931 3186 963 3196 -
983 3157 1124 3226 hortante]
1142 3156 1203 3210 Anl.
1216 3155 1251 3209 Η.
1263 3185 1297 3194 -

66 3247 173 3314 conati]
192 3247 254 3300 Ani,
273 3246 319 3302 E‘.
338 3278 372 3285 —
391 3265 448 3302 aon
465 3249 579 3318 mopere]
599 3265 620 3303 a.
639 3248 706 3319 Kap.
725 3249 767 3310 17,
787 3249 804 3302 2
822 3249 901 3303 callo
918 3248 1021 3303 stadio.
1046 3276 1079 3286 -
1103 3247 1201 3316 palas,
1226 3259 1297 3315 qaae

63 3341 205 3406 perpetuo
222 3336 420 3405 intercedebat]
446 3337 621 3391 Woawischen
646 3337 716 3402 mois
735 3337 819 3390 dieser
837 3337 945 3391 weithin
963 3335 1122 3406 vorsumpfte
1139 3333 1297 3388 Iandatrich

66 3426 175 3494 gelegen
193 3424 300 3478 haben?

140 3527 164 3568 a.
182 3513 424 3582 matresfamiliae]
443 3514 594 3569 bezeichnet
607 3514 648 3568 die
662 3513 763 3568 Franeu
778 3516 818 3568 als
831 3514 941 3568 Mittor.
960 3545 994 3552 —
1014 3514 1140 3569 omnibus
1154 3511 1295 3582 precibus]

66 3606 166 3657 erectae
185 3603 269 3656 durch
288 3602 329 3656 cin
347 3602 465 3657 Adverb!
491 3639 527 3648 -
552 3604 590 3658 ad
608 3604 788 3674 suppliciam]
814 3607 894 3658 etwa:
920 3619 974 3670 „zu
993 3600 1060 3668 Qual
1083 3601 1138 3655 und
1155 3601 1240 3655 Tod“.
1261 3630 1295 3640 -

67 3708 134 3759 quos
213 3690 371 3762 impediret]
390 3693 524 3746 iiberaotze
542 3693 643 3764 passio!

138 3794 188 3835 aa.
202 3793 225 3835 a.
240 3781 436 3850 aoarcca'pere]
452 3782 547 3849 „nicht
560 3783 715 3851 auganglich
730 3783 785 3836 sein
797 3782 868 3836 fiir“.
884 3809 917 3820 —
932 3797 985 3850 qao
999 3777 1106 3848 timore]
1122 3796 1142 3833 s.
1156 3777 1223 3849 Kap.
1238 3779 1263 3844 8,
1277 3777 1295 3832 4
1401 3813 1405 3820 -

65 3870 132 3926 baec
149 3871 237 3937 fama.
258 3899 292 3908 —
310 3870 355 3937 rac]
374 3871 460 3939 hitngt
477 3871 552 3925 nicht
569 3889 618 3925 von
632 3873 778 3942 perterriti
795 3871 837 3925 ab.

136 3957 215 4027 Kap.
235 3957 283 4013 27.
325 3971 345 4012 ι.
361 3965 492 4028 promota
510 3960 584 4014 tauri
603 3999 609 4012 .
625 4000 653 4014 ..
672 3966 764 4015 coorto
782 3958 878 4028 imbre]
896 3959 975 4012 Dicae
992 3957 1085 4011 beiden
1104 3955 1227 4027 Gruppen
1246 3972 1296 4009 von

65 4047 205 4101 absolutcn
223 4046 365 4100 Ablativen
384 4046 476 4101 stehen
494 4047 523 4101 in
547 4047 695 4102 ahnlichem
713 4047 866 4101 Verbaltnis
891 4064 924 4100 zu
945 4045 1069 4101 einander
1092 4045 1139 4100 wie
1163 4045 1205 4099 dis
1223 4044 1296 4098 Satr-

65 4136 166 4203 gliadar
183 4136 209 4189 in
225 4135 286 4190 Anl.
301 4135 337 4191 Μ.
357 4165 392 4176 -—
411 4137 525 4192 derectis
539 4137 679 4206 operibus]
697 4137 745 4190 Bei
759 4137 817 4190 dem
831 4135 935 4190 Ausiall
948 4151 1036 4190 waren
1049 4135 1091 4189 die
1104 4133 1294 4203 Belagerungs·

66 4225 150 4278 werke
174 4225 230 4278 und
247 4224 494 4292 Kriegsmaschinen
518 4255 552 4266 -
577 4226 646 4280 dean
671 4226 722 4279 alle
747 4225 816 4278 diese
834 4224 955 4294 Anlagen
978 4224 1088 4279 umfaist
1110 4239 1196 4292 opera
1214 4252 1248 4261 -
1266 4222 1295 4277 in

65 4312 231 4382 Unordnung
257 4317 380 4382 garsiam
406 4314 475 4384 jetat
501 4315 604 4369 werden
632 4315 670 4368 sie
697 4314 792 4368 wieder
818 4314 846 4368 in
873 4314 914 4368 die
941 4314 1065 4384 gehbrige
1089 4313 1224 4381 Richtrmg
1251 4329 1295 4380 go

66 4401 167 4457 bracht.
193 4431 228 4442 -·
252 4403 398 4458 consiliam
421 4403 529 4473 copore]
553 4403 679 4457 bedentet
701 4403 768 4457 auch
793 4403 890 4470 „einen
913 4402 1048 4472 Anachlag
1072 4402 1194 4469 machon,
1218 4401 1295 4454 einen
