3136 4928
521 358 618 414 Comm.
637 359 697 426 VII,
717 375 738 414 c.
758 359 872 414 60-63.
1260 358 1317 420 293¹

77 520 211 584 virtutis
237 522 271 585 et
294 519 596 586 secundissimorum
612 521 804 602 proeliorum
819 521 995 586 retinerent
1010 522 1198 586 memoriam
1215 524 1312 605 atque

77 629 186 710 ipsum
218 626 405 704 Caesarem,
441 628 542 690 cuius
565 627 664 692 ductu
698 646 924 710 saepenumero
958 628 1067 692 hostes
1097 632 1312 711 superassent,

79 735 288 816 praesentem
312 733 422 798 adesse
447 734 679 812 existimarent,
711 734 767 800 dat
791 734 919 816 siguum
940 735 1061 817 proelii.
1107 735 1214 800 Primo
1239 755 1336 802 con-³

79 859 176 906 eursu
202 841 243 904 ab
267 839 376 906 dextro
399 859 513 917 oornu,
535 840 591 904 ubi
614 841 751 924 septima
773 840 855 923 legio
879 841 1083 919 constiterat,
1114 842 1222 906 hostes
1245 844 1312 926 pel-

78 947 193 1012 luntur
219 949 316 1028 atque
340 947 373 1011 in
395 946 506 1028 fugam
529 947 744 1021 coniciuntur3
768 948 808 1012 ab
825 948 962 1025 sinistro,
988 967 1083 1030 quem
1105 949 1211 1014 locum
1235 949 1335 1014 duos

79 1054 204 1120 decima
231 1054 314 1136 legio
346 1054 489 1131 tenebat,
525 1073 598 1118 oum
627 1054 722 1136 primi
752 1055 876 1119 ordines
899 1055 1041 1120 hostium
1071 1055 1215 1120 transfixi
1237 1056 1310 1120 telis

79 1160 308 1238 concidissent,
331 1161 440 1224 tamen
464 1161 615 1226 acerrime
638 1161 754 1242 reliqui
776 1161 983 1238 resistebant,
1005 1180 1064 1226 nec
1088 1161 1184 1226 dabat
1208 1163 1312 1246 suspi-

79 1269 204 1332 cionem
240 1267 334 1350 l'ugae
371 1255 549 1349 quisquam.
593 1267 667 1350 Ipse
703 1267 766 1330 dun
799 1268 940 1332 hostium
975 1267 1210 1350 Camulogenus
1244 1269 1335 1332 suisa

80 1375 193 1440 aderat
218 1376 317 1456 atque
341 1393 394 1440 eos
419 1374 651 1440 cohortabatur.
697 1377 741 1439 At
763 1375 885 1440 incerto
909 1375 1116 1442 etiamnunc
1139 1376 1225 1440 exitu
1248 1377 1336 1442 ric-e

79 1482 196 1554 toriae,
228 1501 303 1546 oum
333 1482 487 1564 septimae
515 1481 647 1562 legionis
671 1481 807 1546 tribunis
832 1483 917 1546 esset
938 1481 1141 1560 nuntiatum,
1173 1483 1311 1564 quaein

80 1589 210 1652 sinistro
236 1607 334 1652 cornu
357 1589 557 1670 gererentur,
585 1590 659 1670 post
688 1589 815 1670 tergum
842 1589 986 1654 hostium
1004 1588 1175 1670 ¹legn‘onem
1205 1591 1312 1654 osten-

81 1695 200 1760 derunt
232 1695 385 1778 signaque
415 1683 602 1760 intulerunt.
648 1695 697 1760 Ne
728 1713 763 1760 eo
799 1695 927 1776 quidem
961 1697 1103 1779 tempore
1140 1696 1335 1777 quisquamr

80 1803 146 1867 loco
180 1803 296 1879 cessit,
332 1801 386 1866 sed
410 1801 617 1866 circumventi
647 1820 756 1866 omnes
783 1801 1006 1883 interfectique
1038 1804 1122 1866 sunt.
1167 1802 1311 1868 Eandem

80 1909 248 1975 fortunam
271 1909 347 1974 tulit
370 1907 612 1990 Camulogenus,
658 1908 763 1986 Atii,
795 1909 849 1990 qui
877 1908 1034 1990 praesidio
1066 1910 1175 1974 contra
1206 1911 1337 1978 castras

80 2015 217 2080 Labieni
240 2017 332 2079 erant
354 2015 465 2092 relicti,
489 2034 563 2084 cnm
577 2015 734 2098 proelium
750 2015 957 2081 commissum
974 2015 1147 2092 audissent,
1171 2015 1311 2080 subsidio

82 2123 146 2186 suis
171 2123 283 2188 ierunt
298 2123 472 2204 collemque
490 2123 643 2204 oeperunt
663 2141 768 2203 neque
790 2124 975 2187 nostrorum
998 2123 1138 2188 militum
1154 2123 1311 2188 victorum

80 2231 242 2312 impetum
265 2229 423 2294 sustinere
445 2229 626 2311 potuerunt.
674 2227 726 2294 Sia
750 2248 823 2294 cunr
846 2229 913 2294 suis
936 2228 1132 2310 fngientibus
1154 2230 1336 2312 permixtio

82 2355 161 2418 quos
186 2355 253 2400 non
276 2336 374 2412 siluae
397 2337 584 2417 montesque
608 2337 772 2412 texerunt,
803 2336 842 2399 ab
875 2335 1021 2416 equitatu
1045 2337 1121 2400 sunt
1143 2335 1311 2400 interfecti.

80 2443 150 2508 Hoc
173 2443 303 2524 negotio
335 2442 475 2507 confecto
498 2442 658 2506 Labienus
687 2443 858 2506 revertitur
887 2442 1100 2524 Agedincum,
1129 2442 1184 2506 ubi
1212 2443 1311 2525 impe·
1325 2467 1354 2509 ro

82 2549 227 2614 dimenta
242 2549 341 2614 totius
358 2549 512 2613 exereitus
528 2549 640 2612 relicta
655 2551 762 2613 erant:
786 2548 858 2612 inde
883 2547 933 2612 die
956 2549 1050 2613 tertio
1075 2568 1148 2613 oum
1164 2549 1310 2613 omnibus

82 2657 180 2740 copiis
207 2655 248 2720 ad
271 2654 441 2722 Caesarem
463 2654 615 2738 pervenit.

171 2762 357 2828 Defectione
391 2762 575 2826 Aeduorum
610 2761 736 2843 cognita
769 2761 889 2826 bellum
928 2764 1072 2843 augetur.
1122 2761 1310 2843 Legationes

81 2871 114 2936 in
138 2888 251 2935 omnes
280 2871 387 2953 partes
418 2869 731 2934 circummittuntur:
767 2870 925 2949 quantum
959 2868 1077 2950 gratia,
1112 2868 1311 2946 auctoritate,

80 2977 220 3062 pecunia
243 2977 366 3054 valent,
397 2977 438 3040 ad
462 2975 678 3040 sollicitandas
703 2975 848 3041 civitates
871 2975 1038 3050 nituntur3
1067 2975 1155 3038 nacti
1178 2974 1336 3052 obsideas

1320 2734 1363 2795 63

1323 2822 1336 2862 r

153 3153 235 3220 nup.
254 3152 300 3208 62.
340 3163 425 3206 2-4.
444 3152 588 3222 procem]
609 3151 806 3222 „persbnlich“.
834 3181 867 3190 -
893 3168 955 3206 cunr
1036 3151 1230 3218 caecidissent]
1249 3151 1313 3204 Ver-

80 3243 185 3297 wandle
203 3243 231 3295 in
249 3242 324 3295 einen
341 3241 508 3295 konnessiron
521 3240 671 3311 Hauptsatz
685 3242 736 3294 mit
749 3241 875 3309 „nwar“i
895 3267 929 3279 -
947 3240 1044 3310 ferque]
1063 3239 1192 3294 behandle
1206 3239 1312 3294 dhnlioh

83 3333 129 3385 uie
148 3331 257 3386 timoris
274 3330 340 3400 Knp.
359 3331 403 3398 54,
422 3331 453 3384 2!

158 3433 212 3474 su.
228 3432 252 3474 a.
271 3419 365 3474 adeam
384 3419 483 3486 alicui]
503 3419 583 3488 „jem
602 3435 648 3473 zur
666 3418 737 3472 Seite
756 3419 878 3473 stehan“.
898 3447 932 3458 -
951 3419 1056 3473 lanato
1075 3417 1218 3485 ...emina
1238 3416 1311 3485 cum]

81 3509 144 3564 Anl.
163 3508 201 3563 M.
227 3537 261 3548 -
286 3508 365 3563 wila
382 3507 524 3575 uictoriae]
548 3507 602 3561 Der
621 3506 795 3562 schliassliohe
813 3505 875 3575 Sieg
891 3522 946 3560 war
964 3507 1019 3560 also
1037 3505 1105 3559 noch
1127 3506 1257 3560 unsieher.
1276 3532 1311 3543 -

82 3597 237 3664 emendare]
257 3597 428 3664 „ersoheinen
445 3597 563 3650 lassen“.

157 3698 256 3741 r-ro.
270 3686 385 3741 academ
395 3727 401 3740 .
410 3728 416 3741 .
426 3727 431 3740 .
443 3685 520 3755 tulit]
534 3685 592 3739 Wir
605 3685 727 3752 ,‚teilts“.
741 3711 776 3724 -
790 3699 876 3754 neque
886 3723 892 3738 .
901 3723 907 3738 .
917 3725 922 3738 .
930 3682 1096 3753 peruenerat]
1110 3683 1177 3753 Knp.
1187 3683 1230 3752 45,
1240 3683 1266 3738 4.
1277 3713 1312 3724 -

82 3793 145 3832 cam
163 3776 225 3832 aab
241 3775 415 3845 sapientibus
428 3775 571 3845 percalcati]
589 3774 632 3828 Sic
645 3774 751 3828 wardon
764 3773 814 3827 mit
827 3774 855 3849 in
869 3773 911 3826 die
923 3771 1020 3826 Flncht
1033 3771 1104 3826 ihrer
1117 3772 1200 3826 laute
1212 3771 1312 3826 hincin-

82 3882 208 3934 genogen.
227 3894 261 3903 -
280 3881 346 3934 quos
364 3864 432 3933 aon]
452 3865 564 3932 „sowoit
582 3864 619 3917 sie
637 3863 742 3918 nicht“.
779 3862 871 3916 Mache
890 3862 940 3916 den
959 3859 1020 3915 Satn
1038 3861 1141 3930 passivi

617 3989 671 4072 vl.
691 3987 780 4072 Tell.

560 4107 658 4170 Καρ.
686 4107 837 4160 63-65.

95 4251 97 4256 ,
156 4201 236 4270 Kap-
255 4202 302 4258 aa.
343 4215 352 4256 1
374 4221 397 4258 a
419 4203 560 4258 abellam
584 4202 715 4272 anatur]
741 4201 808 4269 „der
826 4200 907 4270 Kriog
930 4200 1047 4270 gowinnt
1070 4217 1105 4254 an
1122 4197 1312 4266 Ausdehnnng,

82 4291 208 4361 Umiang,
221 4291 408 4360 Bedeutnng“.
427 4319 461 4332 ·-
480 4290 583 4359 vabre]
598 4290 803 4358 „cusnuriehten
816 4290 982 4360 vermbgen“.
998 4316 1032 4328 -
1046 4287 1190 4355 alleabar]
1205 4285 1315 4340 Woranf

84 4381 121 4436 sie
140 4380 314 4448 hinarbeiten,
331 4380 370 4436 iat
386 4381 415 4434 in
432 4379 659 4449 ungewthnlioher
671 4377 759 4433 Weiso
776 4377 827 4432 mit
844 4378 884 4434 ad
901 4377 956 4434 und
974 4375 1090 4433 Gerund.
1109 4375 1293 4446 ausgedrliolrt

1041 4465 1098 4521 20*
