3134 4922
518 383 615 439 Comm.
633 384 679 451 IV,
698 401 719 438 o.
738 385 852 439 19-21.
1249 380 1301 442 125

88 546 134 609 illo
156 545 220 610 adit
244 547 429 628 quisquam,
452 564 555 626 neque
579 546 617 609 iis
641 545 718 628 ipsis
747 544 919 626 quiequam
942 546 1070 627 praeter
1094 563 1182 610 oram
1204 547 1300 611 meri·

87 653 188 715 timum
213 653 309 734 atque
333 670 387 716 eas
410 652 563 733 regiones,
588 669 668 732 qnae
693 653 770 714 sunt
792 652 902 714 eontra
932 650 1069 728 Gallias,
1099 654 1211 717 notum
1242 653 1299 717 est.

86 755 189 839 ltaque
212 759 333 822 voeatis
357 758 397 821 ad
431 777 465 822 se
493 758 633 839 undique
662 758 892 823 mercatoribus
921 775 1026 838 neque
1063 761 1184 839 quanta
1215 760 1324 824 essetr

86 864 196 928 insulae
218 864 423 945 magnitudo,
445 883 548 945 noque
581 883 662 945 quae
693 866 749 928 aut
779 865 917 945 quantae
944 865 1089 928 nationes
1118 865 1301 942 incolerent,

86 989 177 1051 neque
201 988 298 1051 quem
321 990 417 1034 nsum
439 971 515 1034 belli
537 971 692 1035 haberent
715 972 772 1034 aut
796 971 911 1052 quibus
934 970 1092 1035 institutis
1123 972 1301 1049 uterentur,

85 1095 177 1158 neque
201 1077 255 1158 qui
279 1078 387 1141 essent
411 1076 450 1140 ad
473 1077 633 1140 maiorum
655 1077 784 1140 narium
800 1076 1044 1141 multitudinem
1059 1076 1164 1141 idonei
1179 1078 1300 1160 portuS,

86 1183 209 1265 reperire
233 1185 367 1267 poterat.

162 1290 210 1353 rid
233 1291 314 1354 haeo
338 1292 561 1372 cognoscenda,
584 1291 773 1373 priusquam
796 1290 973 1372 perieulum
997 1290 1125 1367 faeeret,
1151 1290 1352 1355 idoneumtl

85 1415 145 1460 esse
179 1397 352 1461 arbitratus
389 1397 505 1462 Gaium
535 1396 734 1462 Volusenum
769 1417 842 1460 oum
877 1397 951 1460 navi
984 1397 1080 1478 longa
1113 1398 1300 1479 praemittit.

85 1502 157 1566 Huie
179 1504 323 1580 mandat,
346 1506 383 1567 ut
406 1505 575 1586 exploratis
600 1504 745 1567 omnibus
768 1503 864 1567 rebus
896 1503 936 1566 ad
967 1521 1000 1568 se
1034 1521 1132 1584 quarn
1161 1505 1326 1585 primumr

84 1612 262 1673 revertatur.
315 1609 389 1693 Ipse
427 1629 501 1674 oum
536 1610 681 1673 omnibus
711 1609 808 1691 oopiis
845 1609 879 1671 in
908 1609 1047 1673 Morinos
1083 1609 1339 1692 proficiscimur·-

86 1716 159 1796 quod
180 1716 254 1780 inde
280 1718 349 1780 erat
372 1716 578 1781 brevissimus
601 1716 634 1778 in
657 1714 860 1778 Britanniam
891 1715 1055 1780 traiectus.
1100 1715 1174 1779 Hue
1203 1733 1324 1780 navest

85 1821 212 1903 undique
246 1841 285 1886 ex
314 1822 457 1886 finitimis
485 1822 665 1902 regionibus
697 1823 744 1898 et,
780 1840 878 1902 quam
914 1821 1073 1904 superiore
1104 1823 1225 1886 aestate
1260 1822 1301 1886 ad

85 1925 266 1994 Veneticum
298 1930 418 1993 bellum
453 1927 614 2005 effecerat,
649 1929 785 1991 olassem
820 1928 910 1992 iubet
940 1927 1115 1992 convenire.
1166 1928 1326 1992 Interims

86 2035 202 2100 oonsilio
234 2035 305 2100 eius
335 2036 458 2116 eognito
489 2037 521 2099 et
551 2054 608 2117 per
637 2035 830 2098 mercatores
859 2035 981 2116 perlato
1012 2033 1052 2098 ad
1079 2035 1252 2099 Britannos
1283 2054 1302 2099 a

86 2143 291 2225 eompluribus
314 2142 437 2206 insulae
463 2142 644 2206 eivitatibns
670 2141 710 2205 ad
734 2160 808 2205 eum
831 2141 930 2222 legati
952 2141 1098 2219 veniunt,
1127 2142 1181 2223 qni
1209 2142 1301 2225 polli-

86 2251 205 2313 ceantur
228 2249 355 2314 obsides
379 2249 454 2313 dare
486 2251 582 2330 atque
612 2248 881 2330 imperio·popnli
910 2247 1046 2312 Romani
1074 2249 1299 2332 obtemperare.

86 2351 195 2432 Quibus
220 2355 341 2420 auditis
364 2355 537 2420 liberaliter
560 2354 720 2437 pollicitus
743 2355 968 2436 hortatusque,
996 2356 1033 2418 ut
1056 2355 1089 2418 in
1113 2374 1150 2418 ea
1173 2358 1326 2420 senten-⁶

84 2531 134 2598 illo]
152 2531 323 2587 Ortsadverb.
352 2562 386 2569 —
413 2547 499 2600 neque
577 2531 736 2600 quicquam]
755 2554 790 2574 =
808 2536 835 2585 et
857 2531 938 2586 nibil.
969 2561 1000 2569 -
1029 2547 1099 2600 quaa
1117 2536 1300 2586 marcentem

88 2618 197 2688 Gallias]
216 2620 337 2701 AQ;
357 2625 454 2696 contra
471 2619 623 2672 bezeichnet
640 2619 697 2672 hier
715 2619 757 2672 die
775 2618 859 2673 bleisa
877 2619 954 2688 Iege.

147 2723 169 2764 ι.
187 2709 296 2779 itaque]
321 2709 392 2762 aiehe
409 2690 442 2762 *in
461 2708 503 2761 die
529 2708 595 2761 naoh
613 2708 673 2761 Ani.
693 2707 730 2761 11²
749 2725 781 2761 zu
799 2708 1003 2762 tibersetzendon
1022 2709 1160 2763 absolutan
1179 2707 1300 2764 Ablatire

83 2795 173 2852 tineis!
203 2830 236 2837 —
265 2798 364 2852 Hinter
381 2798 441 2850 dem
464 2799 553 2851 ersten
576 2812 663 2864 mque
688 2797 791 2850 sehiebe
809 2797 845 2850 im
863 2797 1015 2851 Deutschen
1033 2798 1081 2852 das
1098 2798 1300 2868 Hauptrerbnm

83 2885 130 2940 ein!
157 2917 189 2927 -
216 2885 395 2956 rnopoitudo]
419 2885 570 2939 beneiohnat
593 2885 636 2938 bei
653 2885 842 2954 Raumgrbissn
862 2887 901 2939 ort
919 2886 969 2940 don
987 2886 1108 2954 Umfang.
1136 2916 1172 2925 —
1198 2886 1299 2953 incolo]

83 2975 106 3038 1)
119 2975 298 3044 ‚,beu0hne“;
317 2975 344 3037 2)
360 2974 471 3040 „wohne
480 2975 503 3028 “.
518 3003 553 3012 -
572 2990 640 3028 usos
658 2974 733 3041 belli]
747 2971 851 3028 bezioht
865 2975 921 3028 sich
934 2975 1033 3028 auidis
1046 2975 1299 3044 Kampfesweise.—

82 3066 168 3132 mem]
186 3064 311 3119 verbinde
325 3063 400 3116 nieht
413 3063 463 3116 mit
477 3063 535 3116 dem
550 3063 706 3116 absiehtlioh
721 3079 750 3116 so
764 3063 881 3116 entiernt
894 3066 1030 3131 gesetztan
1044 3063 1158 3117 idonei!
1179 3092 1211 3100 —
1230 3063 1299 3117 mut·

84 3152 177 3223 rotato]
196 3154 238 3208 oft
256 3177 288 3196 =
310 3151 428 3221 „grossa
447 3151 637 3206 betrauhtliehe
656 3151 751 3206 tshl‘t

143 3242 220 3310 Καρ.
241 3241 288 3296 21.
331 3254 351 3295 1.
371 3241 410 3295 ad
427 3242 493 3296 boae
512 3240 709 3310 coqueremus]
728 3240 861 3308 abhbngig
880 3258 929 3294 von
947 3239 1119 3309 praemittis
1143 3253 1300 3308 soporatam

82 3345 100 3381 s.
116 3328 178 3401 Kap.
198 3333 243 3398 19,
261 3331 287 3385 2.
308 3358 339 3368 -
358 3330 513 3398 perieulum
531 3328 634 3397 faeere]
654 3329 750 3396 „einen
769 3329 887 3382 Versueh
905 3329 1053 3394 maoheu“;
1074 3328 1244 3396 peri-oolam
1262 3328 1300 3383 ist

82 3421 205 3474 seruandi
225 3420 277 3474 mit
290 3419 447 3488 err-perior.
468 3447 501 3458 —
520 3418 650 3473 tamarum
668 3434 722 3473 esse
736 3414 901 3490 arbitratus]
922 3418 1025 3471 sehieba
1042 3417 1132 3471 hinter
1148 3418 1300 3474 Volusemas

82 3507 118 3560 eiu
135 3510 186 3563 und
205 3509 351 3563 verwandle
369 3525 397 3562 es
415 3509 444 3560 in
461 3508 537 3561 einen
555 3507 731 3561 Relativsatz!
759 3535 792 3544 -
815 3507 896 3562 navis
916 3505 1010 3576 loppa]
1029 3505 1111 3560 haifst
1129 3506 1176 3560 das
1193 3506 1300 3575 Kriegs-

83 3595 152 3649 subiti
166 3598 202 3651 im
221 3595 384 3665 Gegensatze
403 3614 435 3650 zu
454 3597 501 3650 der
517 3597 546 3649 in
564 3597 610 3650 der
628 3596 710 3664 Regel
728 3597 853 3650 lriirraren
871 3596 952 3651 navis
970 3596 1111 3650 aeraria.

147 3696 222 3740 a-l.
242 3685 369 3752 mandat]
384 3683 444 3739 Aul.
457 3685 490 3738 U.
504 3713 540 3723 -
553 3701 636 3753 quom
645 3684 779 3754 primum]
790 3685 914 3754 potonem
928 3685 1037 3739 vertritt
1050 3685 1078 3738 iu
1093 3684 1178 3738 dieser
1191 3684 1300 3738 Verbin-

81 3769 146 3840 dung
157 3774 208 3828 den
222 3773 372 3844 Superirtiv
385 3789 435 3827 von
448 3789 525 3839 mox3
540 3791 586 3827 zur
599 3764 781 3841 Ubersetzung
793 3774 845 3842 rgl.
861 3790 944 3842 quom
959 3773 1092 3829 tutissime
1106 3773 1173 3844 Kap.
1190 3774 1215 3840 3,
1227 3774 1250 3828 1.
1265 3800 1299 3811 ··

81 3862 1298 3931 quum...effecerat]DerRelutivsatzistinseinsmBeziehungssubstantivvorangesetzt3

82 3965 110 4002 ru
122 3952 272 4006 ibersetaen
286 3951 323 4005 ist
337 3968 366 4005 er
379 3951 446 4004 naoh
455 3951 516 4004 Aul.
531 3951 561 4006 B.
578 3977 610 3988 -
625 3952 763 4020 superior]
776 3951 929 4005 bezeichnet
942 3952 982 4005 oft
996 3951 1043 4005 das
1056 3950 1235 4019 Vergangono.

147 4053 169 4095 o.
188 4041 312 4108 interim]
332 4040 435 4093 sehiebe
448 4039 484 4092 im
497 4039 649 4092 Deutsehen
666 4039 694 4092 in
708 4039 758 4092 den
776 4040 818 4092 rur
832 4039 874 4093 dio
887 4040 1026 4094 absoluten
1040 4038 1101 4094 Abi.
1117 4039 1298 4093 eiutrotenden

82 4125 136 4182 Seis
154 4130 209 4184 ein!
230 4160 264 4168 -
287 4127 422 4199 perferre]
442 4127 565 4195 Boaehte‚
586 4127 644 4181 dass
662 4126 701 4181 od
718 4129 774 4182 alm
792 4127 956 4183 dabeistoht!
984 4157 1017 4166 —
1043 4128 1299 4197 imperiosorum

81 4215 268 4287 obtemperare]
288 4217 353 4286 „die
372 4216 590 4272 Oberherrsehait
606 4217 666 4285 jem.
686 4217 882 4271 anerkennen“.

147 4319 160 4360 t
184 4325 208 4362 a.
233 4321 256 4362 r.
284 4307 384 4375 quibas
412 4305 531 4374 auditis]
558 4305 679 4358 Welehes
706 4303 878 4360 Gesehleohts
906 4306 966 4359 sind
992 4305 1063 4360 disse
1092 4304 1235 4360 Ablative?
1263 4335 1296 4344 —

81 4391 225 4452 liberaliter
244 4395 384 4467 pollicere]
409 4393 469 4450 Ant
488 4395 527 4462 U;
552 4394 593 4448 die
611 4393 754 4464 Partieipia
778 4394 833 4448 lbse
858 4393 905 4447 aui
920 4393 987 4448 nauh
1005 4392 1066 4448 Aul.
1084 4393 1136 4448 F’!
1162 4421 1196 4432 —
1221 4393 1297 4449 Gom-

510 4490 517 4502 .
1044 4481 1084 4534 9*
