3134 4922
574 379 670 436 Comm.
689 380 739 448 ΙΠ,
758 397 779 436 e.
799 382 896 436 9-12.
1313 379 1348 440 al

117 538 214 605 footio
240 540 324 606 datis
349 540 523 620 obsidibus,
547 545 597 607 tot
620 543 787 607 eivitatum
811 542 1000 620 ooniuratio,
1030 543 1200 627 imprimis,
1223 563 1263 608 ne
1287 545 1348 608 hao

117 649 212 730 parte
242 648 389 729 negleeta
415 647 556 730 reliquae
585 649 730 713 nationes
767 649 827 712 sibi
849 648 942 713 idem
976 649 1071 714 lieere
1107 651 1300 715 arbitrarent
1341 699 1348 714 .

117 753 237 836 Itaque
266 772 340 819 oum
362 754 562 838 intellegeret
585 773 694 820 omnes
717 755 782 819 fere
800 754 908 820 Gallos
931 756 1020 820 novis
1044 757 1138 820 rebus
1163 757 1292 822 studere
1316 759 1373 824 eto

119 859 160 924 ad
184 861 308 924 bellum
338 861 498 926 mobiliter
527 862 734 943 solariterque
758 862 902 939 exeitari,
938 881 1047 927 omnes
1072 865 1181 928 autem
1202 864 1347 929 homines

117 969 239 1030 natura
259 967 400 1032 libertati
422 968 549 1033 studere
566 969 599 1032 et
615 968 829 1035 oondieionem
845 969 1008 1034 servitutis
1026 969 1137 1047 odisse,
1160 970 1348 1053 priusquam

117 1073 231 1156 pluras
256 1073 400 1138 civitates
420 1076 648 1158 conspirarent,
670 1074 875 1158 partiendum
899 1075 958 1139 sibi
975 1093 1012 1140 ao
1034 1076 1132 1141 latius
1157 1076 1348 1142 distribuen-

118 1180 198 1244 dum
225 1179 400 1245 exereitum
422 1183 558 1265 putavit.

210 1287 327 1368 Itaque
350 1287 458 1352 litum
480 1289 657 1353 Labienum
686 1289 831 1372 legatum
859 1290 893 1353 in
922 1289 1091 1368 Treveros,
1127 1289 1182 1372 qui
1215 1291 1349 1372 proximi
1359 1289 1400 1350 11

116 1392 248 1456 flumini
270 1393 382 1458 Rheno
406 1397 495 1472 sunt,
526 1414 599 1459 eum
623 1396 769 1476 equitatu
792 1395 902 1458 mittit.
947 1395 1033 1460 Huio
1056 1395 1203 1473 mandat,
1230 1397 1373 1461 Bemos²

116 1501 325 1581 reliquosque
348 1499 465 1582 Belgas
489 1501 584 1567 adeat
607 1503 720 1584 atque·
733 1502 767 1566 in
790 1501 890 1566 offieio
915 1503 1075 1567 eontineat
1100 1502 1348 1585 Germanosque,

1 1674 5 1678 ,
120 1607 177 1688 qui
200 1605 318 1670 auxilio
335 1624 354 1670 a
369 1606 477 1689 Belgis
494 1609 640 1674 arcessiti
656 1607 852 1686 dicebantur,
876 1609 904 1673 si
925 1609 1063 1691 pervim
1078 1610 1212 1674 navibus
1228 1609 1348 1674 flumen

119 1713 259 1778 transire
290 1714 456 1791 eonentur,
484 1714 660 1797 prohibeat.
705 1714 856 1779 Publium
881 1713 1033 1780 Crassum
1064 1735 1138 1780 eum
1167 1717 1373 1781 eohortibuss

118 1819 304 1902 legionariis
320 1819 384 1882 ΧΠ
406 1821 439 1884 et
460 1839 576 1902 magno
592 1839 726 1886 numero
742 1821 907 1903 equitatus
922 1821 955 1885 in
971 1822 1179 1903 Aquitaniam
1194 1823 1348 1906 profioisoi

119 1925 218 2003 iubet,
242 1943 283 1990 ne
307 1945 345 1990 ex
367 1926 417 1990 his
440 1928 621 1993 nationibus
646 1928 764 1993 auxilia
787 1927 820 1991 in
838 1927 976 1993 Galliam
998 1929 1171 2014 mittantur
1187 1947 1224 1994 ao
1238 1909 1347 1994 tantae

119 2033 268 2098 nationes
291 2033 534 2115 ooniungantur.
580 2032 736 2112 Quintum
752 2035 911 2099 Titurium
932 2033 1086 2099 Sabinum
1108 2035 1251 2116 legatum
1275 2049 1372 2100 oum⁴

120 2139 300 2221 legionibus
313 2139 415 2203 tribus
427 2141 461 2206 in
473 2140 633 2218 VenelloS,
646 2141 847 2206 Coriosolitas
859 2141 1076 2224 Lexoviosque
1088 2141 1197 2219 mittit,
1211 2142 1266 2223 qui
1278 2160 1349 2207 eam

120 2265 255 2310 manum
272 2245 485 2310 distinendam
510 2249 608 2312 euret.
654 2247 823 2312 Deoimum
838 2247 978 2312 Brutum
996 2247 1239 2321 ,adnleseentom
1255 2249 1374 2313 elassit

121 2351 318 2433 Gallicisque
334 2353 477 2429 navibus,
502 2372 581 2434 quas
606 2372 643 2418 ex
658 2353 842 2418 Piotonibus
866 2355 899 2418 et
916 2353 1065 2419 Santonis
1082 2355 1277 2436 reliquisque
1295 2373 1350 2438 pa-

121 2459 201 2523 oatis
218 2458 402 2540 regionibus
419 2459 584 2523 eonvenire
600 2459 747 2536 iusserat,
763 2459 907 2542 praefioit
923 2463 964 2538 et,
988 2480 1061 2524 eum
1076 2462 1216 2544 primum
1232 2464 1349 2544 posset,

119 2565 153 2628 in
167 2563 313 2629 Venetos
334 2565 490 2648 profioisoi
513 2565 610 2630 iubet.
655 2565 728 2650 Ipse
753 2585 788 2631 ao
811 2566 1011 2649 pedestribus
1036 2567 1133 2650 oopiis
1158 2567 1326 2632 contendit.

209 2671 314 2735 Erant
344 2671 500 2736 eiusmodi
528 2671 593 2737 iere
618 2673 699 2738 situs
724 2672 926 2757 oppidorum,
956 2676 993 2737 ut
1015 2675 1121 2757 posita
1142 2675 1176 2738 in
1200 2676 1348 2740 extremis
1360 2669 1401 2730 12

121 2777 254 2861 lingulis
278 2778 572 2860 promunturiisque
594 2797 698 2861 neque
722 2779 855 2862 pedibus
880 2779 1004 2844 aditum
1026 2781 1191 2857 haberent,
1215 2801 1288 2845 oum
1312 2801 1349 2846 ex

1 3062 2 3065 ,
120 3008 267 3063 reattliehe
285 3007 474 3062 desummo&
494 3036 527 3046 -
552 3006 641 3076 faeta]
667 3007 750 3062 bleibt
772 3009 950 3063 unliborsetat.
970 3039 1004 3046 -
1028 3010 1074 3076 roe]
1099 3009 1207 3064 Seliiebe
1225 3011 1267 3064 ein
1287 3011 1350 3078 „die

119 3097 336 3165 Beffirehtung“.
367 3124 401 3134 —
427 3097 480 3152 bar
503 3101 587 3164 parte
614 3097 750 3166 neglecta]
779 3113 875 3163 „wenn
903 3096 988 3150 dieser
1014 3097 1171 3152 Inndstrieh
1200 3099 1349 3153 unbestraft

119 3185 237 3240 bliebe“.
258 3213 292 3226 -
311 3185 380 3240 moa
397 3184 470 3240 idam
488 3185 562 3252 licat]
582 3185 646 3252 „ieh
664 3185 724 3238 dari
739 3185 790 3239 mir
808 3185 927 3240 dasselbe
945 3186 1099 3242 erlauben“‚

195 3295 219 3337 a.
237 3283 318 3338 neate
334 3283 416 3338 rebus
433 3282 554 3350 studere]
573 3283 596 3348 1,
614 3283 639 3350 9,
658 3284 683 3336 3.
708 3308 741 3322 --
764 3282 909 3352 mobiliter]
930 3284 1061 3351 ,‚lsioht“.
1090 3313 1120 3322 -
1146 3284 1261 3354 taeitos]
1286 3286 1350 3353 „ioh

120 3371 216 3426 lasse
241 3371 328 3426 mieh
351 3371 513 3440 begeistarn,
537 3371 715 3436 iortreiisen“.
740 3401 776 3412 -
799 3378 908 3428 natura
931 3375 1018 3429 albai
1041 3375 1084 3428 rai
1107 3373 1228 3442 studere]
1254 3375 1350 3442 „einen

120 3459 289 3514 natdrliohen
305 3459 386 3529 Hnng
403 3459 488 3514 haben
506 3477 538 3514 nu
553 3461 621 3515 ...“.
642 3487 674 3498 ·-
693 3461 829 3530 wredteio]
849 3465 917 3515 etwa
935 3463 1105 3530 „Zustend“.
1127 3489 1159 3502 —-
1179 3462 1349 3533 conspirare]

121 3549 200 3617 „siah
219 3549 419 3617 verstandigen,
444 3549 500 3602 sioh
518 3550 765 3604 zusammeuthun“.
790 3577 826 3590 --
851 3552 938 3606 latiur
956 3550 1132 3621 distribuere]
1158 3553 1268 3618 „weiter
1292 3569 1350 3606 aus-

121 3636 355 3705 einanderlegen“.

193 3743 274 3812 Kap.
296 3744 347 3798 11.
389 3756 443 3797 ru.
465 3754 488 3798 2.
506 3744 539 3798 ia
556 3744 647 3812 officio
666 3744 815 3813 continere]
836 3745 892 3811 „im
911 3745 1005 3800 Zaurrm
1023 3746 1144 3802 halten“.
1171 3777 1205 3788 -
1230 3748 1349 3816 aemilio]

120 3832 247 3886 verbinde
264 3832 315 3886 mit
333 3833 467 3888 moranti.
491 3861 522 3872 -
544 3834 671 3902 pervim
750 3833 859 3902 ooaari]
877 3834 900 3901 I,
921 3835 962 3902 14,
981 3835 998 3889 3
1017 3851 1049 3888 zu
1064 3851 1117 3905 par
1134 3837 1190 3890 vim
1209 3842 1349 3906 temptare.

195 3942 208 3982 r
226 3947 250 3983 u.
267 3942 290 3983 a.
316 3945 376 3983 eam
394 3931 517 4000 maran]
537 3931 588 4000 agl·
608 3948 660 4000 qao
677 3931 710 3985 ta
727 3947 840 3986 numero
857 3931 924 4002 Kap.
945 3933 969 3999 7,
988 3933 1013 3986 4.
1038 3961 1071 3978 τ·
1096 3933 1236 4003 distinere]
1262 3933 1351 4002 „fern-

119 4018 250 4084 halton“;
270 4018 317 4072 das
336 4016 470 4074 Gerundiv
487 4019 573 4088 hingt
590 4021 622 4074 ab
641 4037 691 4074 von
710 4037 809 4074 muare
829 4045 860 4063 =
882 4021 978 4088 „dadir
996 4039 1097 4090 sorgm,
1117 4022 1205 4076 dals“.
1231 4051 1264 4062 —-
1289 4039 1351 4078 esan

119 4108 254 4177 primum]
274 4106 310 4174 H,
330 4107 355 4174 2,
374 4108 399 4162 2.

193 4212 274 4281 Knp.
296 4212 347 4268 12.
388 4227 409 4268 1.
434 4214 500 4281 fera]
527 4215 576 4282 „in
594 4215 641 4270 der
658 4215 770 4290 Begel“.
795 4245 829 4256 -
853 4217 935 4284 atas]
960 4217 1018 4272 Wir
1035 4222 1141 4272 miissen
1159 4217 1210 4272 den
1228 4218 1351 4288 Singulas

120 4303 272 4358 anwonden.
299 4331 333 4342 -
359 4302 404 4370 ut]
428 4303 520 4358 ldnohe
539 4304 627 4360 diesen
646 4304 708 4358 Sata
726 4305 908 4375 nnabhtngig!
935 4335 967 4345 —
995 4307 1131 4375 mamis]
1157 4308 1208 4376 vgl.
1228 4325 1351 4364 amamur

119 4391 142 4461 1,
161 4392 205 4462 22,
225 4393 250 4448 1.
274 4419 309 4430 -
333 4407 420 4461 mque
433 4393 554 4461 pedibus
572 4392 683 4448 aditum
701 4393 841 4463 laudarent]
866 4394 924 4449 Von
943 4412 980 4450 wo
998 4412 1046 4450 aus
1065 4395 1124 4449 sind
1142 4395 1180 4448 sie
1198 4395 1254 4450 also
1272 4413 1351 4451 unnu-
