3134 4922
569 360 667 416 Comm.
685 361 736 428 III,
755 378 777 416 c.
796 362 911 417 23-26.
1306 359 1357 422 1⁰3

216 524 268 588 Ibi
291 543 364 588 oum
388 524 442 587 alii
464 522 565 586 fossas
590 524 798 606 complerent,
823 524 877 588 alii
899 524 1010 588 multis
1034 524 1107 588 telis
1131 525 1279 589 coniectis
1304 525 1409 592 deas

124 631 269 696 sensores
299 631 383 694 vallo
412 629 706 711 munitionibusque
731 615 938 714 depellerent,
967 631 1210 712 auxiliaresque,
1242 632 1356 713 quibus

125 739 167 802 ad
190 756 334 820 pugnam
356 756 419 800 non
437 737 577 800 multum
594 735 729 802 Crassus
746 737 931 815 confidebat,
954 738 1113 820 lapidibus
1129 738 1266 820 telisque
1283 740 1357 804 sub

124 844 348 908 ministrandis
380 845 412 908 et
436 843 476 907 ad
500 861 649 925 aggerem
673 845 865 927 caespitibus
890 844 1124 928 comportandis
1147 845 1285 927 speciem
1309 847 1357 909 at-

125 971 188 1034 que
206 951 387 1034 opinionem
402 951 615 1033 pugnantium
630 951 829 1034 praeberent,
853 969 926 1016 cum
948 952 1027 1015 item
1051 951 1090 1014 ab
1113 951 1260 1016 hostibus
1284 970 1356 1016 con-

125 1060 252 1123 stanter
275 1075 313 1122 ac
335 1075 399 1121 non
421 1057 533 1122 timide
549 1059 756 1140 pugnaretur,
780 1058 907 1138 telaque
932 1077 969 1122 ex
992 1058 1060 1122 loco
1081 1057 1241 1140 superiore
1257 1059 1356 1122 missa

123 1185 189 1230 non
213 1163 335 1228 frustra
359 1164 551 1241 acciderent,
580 1165 704 1245 equites
733 1164 907 1228 circumitis
935 1163 1077 1229 hostium
1105 1163 1217 1228 castris
1242 1163 1381 1228 Crassos

123 1272 393 1337 renuntiaverunt
415 1289 479 1335 non
502 1270 613 1335 eadem
630 1289 699 1335 esse
716 1270 879 1352 diligentia
895 1271 935 1335 ab
951 1271 1128 1335 decumana
1142 1271 1234 1352 porta
1250 1270 1356 1333 castra

122 1380 252 1444 munita
275 1377 465 1459 facilemque
490 1377 613 1442 aditum
635 1378 761 1442 habere.

217 1484 354 1551 Crassus
382 1484 527 1565 equitum
554 1482 730 1567 praefectos
755 1483 953 1561 cohortatus,
984 1486 1022 1548 ut
1051 1483 1175 1565 magnis
1205 1483 1409 1565 praemiiszt

122 1591 474 1674 pollicitationibusque
498 1608 572 1654 suos
596 1591 778 1666 excitarent,
805 1589 881 1670 quid
904 1589 972 1653 fieri
996 1590 1081 1668 velit,
1105 1589 1251 1654 ostendit.
1294 1589 1381 1667 illia

122 1701 162 1763 ut
186 1700 258 1762 erat
280 1698 488 1780 imperatum,
519 1697 641 1761 eductis
669 1697 708 1760 iis
732 1696 927 1774 cohortibus,
959 1715 1039 1778 quae
1063 1695 1219 1780 praesidio
1243 1696 1355 1760 eastris

123 1805 255 1870 relictae
279 1803 409 1866 intritae
433 1804 473 1867 ab
496 1803 602 1867 labore
627 1805 731 1880 erant,
762 1805 795 1867 et
822 1803 962 1885 longiore
985 1804 1098 1868 itinere
1122 1803 1356 1879 circumductis,

123 1929 163 1975 nc
189 1929 228 1975 cx
250 1911 393 1974 hostium
417 1910 530 1973 castris
555 1910 692 1992 conspici
715 1911 858 1992 possent,
887 1910 1030 1973 omnium
1058 1910 1157 1973 oeulis
1180 1909 1355 1974 mentibus-

124 2037 187 2099 que
213 2016 254 2081 ad
278 2033 419 2099 pugnam
442 2016 574 2080 intentis
596 2016 739 2080 celeriter
756 2016 795 2080 ad
812 2035 875 2094 eas,
899 2034 978 2097 quas
995 2015 1140 2094 diximus,
1163 2017 1355 2080 munitiones

123 2125 341 2208 pervenerunt
367 2126 464 2204 atque
492 2123 543 2186 his
570 2123 709 2205 prorutis
736 2124 825 2206 prius
847 2123 881 2186 in
903 2123 1046 2187 hostium
1070 2123 1182 2186 castris
1207 2123 1380 2188 constite·s

124 2232 215 2308 runt,
241 2249 339 2312 quarn
361 2231 455 2312 plane
479 2230 592 2294 abhis
615 2229 715 2294 videri
738 2231 808 2307 aut,
837 2230 913 2311 quid
937 2230 983 2294 rei
1006 2231 1183 2311 gereretur,
1211 2231 1356 2311 cognosci

123 2341 243 2422 posset.
280 2337 363 2400 Tum
386 2355 459 2401 vero
484 2337 619 2401 clamore
644 2338 684 2401 ab
708 2355 744 2400 ea
767 2339 859 2419 parte
883 2337 993 2402 audito
1015 2336 1116 2400 nostri
1132 2336 1378 2418 redintegratisr
1456 2337 1457 2342 ’

124 2446 256 2521 viribus,
282 2443 365 2525 quod
387 2444 576 2527 pleramque
599 2444 632 2506 in
657 2462 712 2526 spe
732 2443 882 2507 victoriae
898 2443 1038 2507 accidere
1055 2443 1227 2520 consuevit,
1251 2443 1355 2506 acrius

196 2692 277 2759 Καρ.
296 2691 343 2746 25.
386 2703 407 2744 ι.
427 2691 479 2744 aiii
564 2689 629 2759 alic]
649 2689 713 2758 „dio
731 2691 806 2744 einen
827 2733 876 2746 ...
897 2690 938 2744 die
957 2689 1103 2744 andercn“.
1123 2718 1155 2728 -
1181 2687 1277 2745 maltis
1295 2689 1357 2745 tetis

125 2781 267 2848 coniectis]
288 2779 360 2847 „mit
377 2779 461 2832 cincm
483 2779 569 2848 Hagel
593 2797 642 2832 von
669 2777 864 2835 Gcschosscn“.
892 2808 924 2817 —
951 2779 989 2834 nd
1015 2777 1174 2848 (pnpnam)]
1201 2779 1294 2846 „ffir“.
1321 2808 1355 2818 -

124 2870 273 2939 nnndne]
292 2869 353 2923 Aul.
372 2866 417 2923 U'.
438 2898 471 2907 -
491 2869 633 2938 lapidibus
651 2869 867 2939 comportandis]
886 2869 940 2922 ldae
958 2868 1004 2922 auf
1020 2868 1070 2920 mit
1097 2867 1205 2934 „indcm
1225 2867 1300 2921 sie“l
1318 2865 1355 2906 ’-

124 2961 163 3014 ad
181 2957 318 3029 aggerem]
337 2957 412 3011 Auch
431 2957 479 3011 wir
503 2957 606 3011 lrbnncn
634 2974 712 3026 sagcn
739 2975 793 3024 „nu
820 2959 903 3011 cinem
930 2957 1057 3010 Damm“.
1087 2986 1120 2995 -
1144 2957 1246 3024 species
1271 2963 1355 3025 atque

124 3049 234 3118 opinio]
260 3047 414 3101 versttrhcn
438 3046 493 3099 sich
511 3047 754 3115 gegenseitig·(rgl.
776 3052 871 3116 petere
889 3063 923 3101 ac
942 3045 1086 3113 deprecari
1111 3045 1152 3112 ΙΙ,
1178 3045 1225 3112 31,
1250 3047 1292 3110 4);
1318 3046 1355 3098 im

124 3137 279 3192 Deutschcn
292 3137 405 3190 benutze
420 3135 550 3203 „vdllig“.
571 3165 604 3174 -
623 3135 791 3204 constanter]
812 3136 1017 3204 „hartntclrig“.
1038 3165 1070 3173 —
1090 3149 1147 3189 nan
1161 3134 1268 3203 timide]
1288 3152 1356 3202 „un-

124 3225 328 3282 crsohroclren“.
349 3253 381 3264 -
402 3224 479 3291 (teia)
498 3241 555 3278 non
573 3223 684 3289 frastra
703 3225 848 3292 acctdnnt]
868 3222 949 3292 „sind
967 3223 1042 3277 nicht
1060 3223 1126 3276 ohne
1144 3223 1305 3293 Wirhung“.

198 3327 223 3370 a.
247 3315 399 3370 circnmttrb
417 3313 528 3380 castris]
551 3313 696 3367 vernandlc
714 3314 741 3367 in
760 3315 835 3368 einen
855 3313 1033 3380 Relativsatz,
1052 3312 1145 3367 dessen
1162 3313 1278 3367 Verbum
1297 3331 1356 3368 zum

124 3405 238 3474 Subjelrt
257 3403 394 3470 „Reiter“
414 3401 500 3473 palat!
520 3431 553 3441 -
574 3419 627 3458 csse
708 3410 802 3459 castra
820 3404 944 3470 mnnita]
963 3403 1075 3472 gehbren
1090 3419 1246 3458 zusammen.
1268 3432 1299 3442 -
1319 3405 1355 3458 ab

125 3495 282 3549 decnnrarra
296 3491 394 3562 porta]
412 3491 458 3559 (II,
472 3491 515 3558 24,
530 3491 566 3558 2),
586 3491 660 3545 steht
673 3493 720 3546 aul
731 3492 773 3546 die
786 3492 870 3560 lhage
885 3492 943 3546 wo?
962 3493 1015 3560 vgl.
1029 3492 1064 3546 ab
1078 3491 1099 3560 1,
1115 3493 1139 3559 1,
1154 3493 1178 3546 5.
1195 3519 1227 3528 -—
1248 3491 1356 3547 aditam

125 3582 236 3650 babae]
255 3581 322 3652 Kap.
342 3581 384 3648 12,
404 3582 429 3634 l.

197 3670 276 3738 usp.
295 3670 341 3726 26.
382 3682 404 3725 1.
423 3670 466 3737 nt]
484 3671 569 3738 hangt
586 3687 636 3724 von
655 3671 816 3725 cohortatus
834 3671 875 3725 ab.
896 3699 929 3708 —
955 3669 1034 3739 qaid.
1048 3670 1108 3737 nen·
1131 3669 1210 3739 uelit]
1236 3669 1296 3725 Anl.
1321 3670 1354 3726 A.

125 3761 182 3815 NB.
204 3787 237 3798 -
257 3758 387 3827 ostendit]
406 3759 427 3826 I,
448 3760 490 3826 19,
509 3760 535 3813 4.

199 3859 251 3902 au.
270 3860 292 3902 c.
312 3853 346 3902 nt
364 3853 425 3903 erat
438 3847 614 3917 insperatam]
633 3847 669 3914 ΙΙ,
689 3848 731 3916 11,
751 3849 775 3903 6.
795 3883 830 3894 -
849 3848 955 3903 adactis
973 3849 1027 3902 und
1053 3849 1248 3904 circrnndnctis
1265 3849 1356 3904 mecho

125 3956 156 3992 nu
170 3937 374 4007 Hauptverben!
390 3965 422 3976 -
434 3937 581 4006 pracsidio
595 3937 719 4005 relictae]
734 3937 772 3991 ist
785 3937 935 3993 attributis.
952 3967 985 3976 -
1005 3938 1121 3993 intritae
1135 3938 1355 4007 (ungewbhulioh)

125 4028 160 4082 ab
179 4027 273 4082 labore
291 4025 384 4094 crant]
404 4027 467 4093 „bci
485 4027 566 4080 voller
579 4025 658 4080 Krslt
671 4026 794 4092 waren“;
814 4025 955 4080 wbrtlich?
974 4057 1008 4064 —
1028 4027 1151 4082 annium
1219 4027 1356 4083 nnntibns

124 4115 243 4170 intentis
262 4112 302 4168 ad
316 4153 337 4168 ..
348 4114 366 4180 .]
386 4115 442 4182 „da
459 4115 525 4169 aller
538 4115 602 4169 Sinn
616 4115 748 4184 gerichtat
761 4131 815 4169 war
833 4115 879 4168 auf
892 4157 898 4170 .
910 4157 916 4170 .
927 4117 960 4170 .“.
981 4143 1015 4154 -
1034 4115 1134 4184 sideri]
1152 4117 1190 4170 ist
1209 4117 1355 4172 airhlichcs

124 4204 225 4258 Passis.
241 4231 276 4242 -
291 4201 409 4270 qnidrci
416 4204 570 4273 pereretnr]
584 4206 625 4258 rei
639 4204 724 4258 bleibt
737 4205 916 4258 uniibcrsetat.
933 4235 966 4244 -
983 4206 1150 4274 cognoscere]
1163 4207 1354 4272 „bcmerhen“.

197 4305 220 4347 4.
250 4291 462 4360 redintegratis]
490 4292 632 4346 Veracnde
661 4292 786 4358 ,‚lrisch“
814 4292 868 4345 und
896 4297 966 4348 setae
995 4293 1137 4361 „⁴rrieder“
1166 4312 1224 4348 zum
1251 4295 1355 4365 Haupt·

123 4383 247 4436 verbum!
268 4409 304 4420 -
322 4379 499 4450 impugnare]
517 4382 587 4435 kann
607 4381 674 4435 ohne
692 4380 790 4451 Objelrt
809 4382 902 4436 eichen
920 4383 968 4437 wie
986 4383 1053 4437 auch
1073 4383 1259 4452 ,‚angreiien“.
