3086 4920
236 369 290 434 190
729 373 769 426 De
787 373 855 428 bello
874 372 973 428 Gallico

235 534 294 597 aut
317 533 485 598 territandi
508 551 621 608 causa;
644 533 767 615 equites
790 535 979 616 plerumque
1003 553 1112 600 omnes
1136 535 1202 599 tela
1232 535 1319 600 intra
1341 535 1456 600 vallum

211 639 442 704 rooniciebant.
487 640 646 705 Labienus
669 658 743 704 euos
767 640 853 704 intra
875 641 1085 706 munitionem
1113 641 1296 706 continebat
1325 641 1455 706 timoris·
1525 627 1526 630 ¹

237 764 299 828 que
323 746 509 829 opinionem,
534 747 787 828 quibuscumque
810 747 935 828 poterat
958 747 1062 824 rebus,
1086 748 1234 829 augebat.

182 854 226 918 58
327 851 408 918 Cum
437 853 555 917 maiore
591 853 625 916 in
654 852 721 916 dies
753 853 986 935 contemptione
1013 853 1254 918 Indutiomarus
1286 853 1327 917 ad
1359 855 1457 918 castre

237 959 420 1038 accederet,
454 961 546 1024 noete
582 977 646 1024 una
678 959 870 1023 intromissis
903 959 1065 1040 equitibus
1089 960 1231 1024 omnium
1254 959 1458 1024 finitimarum

237 1064 418 1144 civitatum,
454 1084 532 1148 quoe
568 1065 773 1144 arcessendos
808 1067 995 1143 emoverat,
1030 1068 1122 1131 tanta
1159 1066 1326 1147 diligentia
1354 1085 1457 1130 omncs

237 1189 311 1236 suos
347 1171 497 1236 custodiis
528 1172 614 1235 intra
643 1173 750 1236 eastra
784 1172 954 1250 continuit,
988 1174 1028 1236 ut
1061 1173 1150 1236 nulla
1183 1173 1307 1238 ratione
1343 1191 1381 1236 ea
1413 1190 1457 1236 res

212 1277 399 1343 renuntiari
422 1279 479 1341 aut
502 1277 542 1341 ad
565 1277 717 1342 Treveros
740 1276 872 1360 perferri
902 1280 1018 1360 posset.
1064 1278 1199 1342 Interim
1228 1297 1268 1342 ex
1297 1279 1428 1343 consuet
1447 1311 1459 1325 ·

237 1383 309 1448 dine
335 1383 492 1448 cotidiana
514 1383 753 1448 Indutiomarus
777 1383 817 1449 ad
841 1386 946 1448 castra
970 1385 1092 1450 accedit
1115 1386 1211 1466 atque
1241 1385 1286 1449 ibi
1316 1403 1462 1467 magnam

236 1491 365 1572 partem
387 1489 449 1554 diei
472 1491 646 1565 consumit;
671 1491 795 1572 equites
818 1491 885 1555 tela
909 1491 1070 1555 coniciunt
1092 1494 1125 1557 et
1148 1509 1267 1572 magna
1290 1510 1366 1556 cunr
1394 1510 1461 1556 con·

213 1596 372 1660 etumelia
395 1597 563 1661 verborum
586 1598 712 1662 nostros
736 1597 776 1661 ad
799 1615 941 1679 pugnam
964 1598 1105 1662 evooaut.
1151 1596 1247 1660 Nullo
1280 1598 1320 1662 ab
1351 1596 1460 1662 nostris

238 1702 314 1766 dato
340 1721 498 1785 responso,
520 1703 575 1766 ubi
598 1703 703 1768 visum
727 1705 784 1781 est,
808 1704 867 1768 sub
891 1722 1060 1786 vesperum
1089 1703 1224 1786 dispersi
1256 1722 1294 1768 ae
1322 1703 1460 1786 dissipati
1526 1773 1527 1780 ,

214 1808 417 1874 «discedunt.
476 1808 587 1874 Subito
621 1809 780 1874 Labienus
823 1809 948 1874 duabus
986 1810 1087 1892 portis
1123 1828 1250 1874 omnem
1286 1811 1462 1892 equitatum

240 1914 375 1990 emitt't;
404 1916 559 1999 praecipit
588 1917 685 1998 atque
712 1916 889 1992 interdicit,
920 1916 1098 1998 proterntis
1128 1916 1276 1980 hostibus
1308 1918 1403 1998 atque
1432 1916 1460 1978 in
1526 1907 1527 1986 Ῐ

241 2019 353 2102 fugam
374 2022 523 2087 coniectis
553 2022 650 2105 (quod
679 2021 760 2100 fore,
789 2023 874 2087 sicut
904 2022 1027 2100 accidit,
1056 2021 1196 2105 uidebat)
1226 2042 1330 2088 unum
1359 2040 1460 2086 omnes

242 2127 388 2209 peterent
415 2128 685 2206 Indutiomarum,
719 2148 783 2193 neu
819 2129 889 2221 quie
921 2147 1017 2211 quem
1050 2129 1138 2212 prius
1173 2129 1338 2206 vulneret,
1371 2147 1461 2212 quam

243 2233 335 2297 illum
358 2233 562 2300 interfectum
585 2235 708 2314 viderit,
733 2236 816 2318 quod
839 2255 929 2301 mora
952 2236 1149 2318 reliquorum
1172 2236 1314 2318 spatium
1337 2237 1460 2301 nactum

219 2338 336 2404 riflum
359 2338 495 2422 effugere
518 2341 662 2417 nolebat3
686 2361 802 2424 magne
824 2343 971 2425 proponit
994 2342 1041 2420 iis,
1073 2343 1129 2424 qui
1159 2342 1347 2421 occiderint,
1376 2361 1460 2426 prae·

219 2447 328 2522 «mim
353 2447 514 2511 submittit
545 2448 688 2513 cohortes
719 2447 880 2530 equitibus
913 2448 1061 2514 subsidio.
1114 2448 1307 2533 Comprobat
1335 2448 1463 2514 hominis

244 2694 303 2763 qui,
322 2692 462 2761 territare]
481 2691 540 2747 Aul.
560 2693 592 2748 U.
617 2724 648 2734 —
675 2695 756 2749 iutro
773 2694 887 2764 cadum]
911 2695 1031 2750 Wohin
1049 2696 1104 2750 also
1124 2695 1306 2749 echleuderten
1325 2696 1361 2749 sie
1380 2696 1406 2748 in
1424 2694 1464 2747 der

245 2782 327 2850 Regel
345 2782 402 2835 ihre
421 2779 587 2836 Gerchoeee?

319 2883 342 2924 ι.
361 2886 425 2926 euos
443 2870 612 2939 continebat]
631 2871 677 2938 IV,
692 2872 734 2940 34,
749 2873 780 2939 23
800 2873 867 2926 cuch
884 2873 942 2927 hier
959 2873 997 2927 ist
1011 2874 1090 2928 butro
1103 2872 1286 2928 munitionem
1304 2871 1377 2925 nicht
1396 2873 1464 2924 wbrt

245 2959 298 3014 lich
313 2977 344 3039 ιιι
358 2960 518 3014 iibersetren.
534 2990 567 2999 -
581 2961 739 3028 opertionem
753 2961 860 3015 te'more'e
874 2961 970 3030 aupco]
986 2961 1049 3028 „ich
1063 2961 1142 3016 suche
1151 2960 1233 3028 (dich)
1247 2961 1273 3014 in
1284 2960 1330 3015 der
1341 2959 1464 3026 bIeinung,

246 3047 304 3102 dass
318 3048 358 3101 ich
375 3048 445 3102 mich
458 3048 568 3114 hirchte‚
584 3066 615 3102 zu
629 3049 799 3103 beettrhen“.
814 3080 847 3088 -
862 3049 1075 3119 qcebuecmnquc
1087 3054 1198 3119 poterat
1211 3049 1302 3116 rebus]
1316 3047 1382 3119 Kup.
1393 3049 1417 3114 7,
1427 3049 1449 3100 1.

318 3136 396 3206 Καρ.
417 3136 467 3194 58.
508 3148 529 3190 1.
554 3137 586 3190 in
604 3136 675 3205 dies]
699 3137 872 3208 Kap.4b,1,
898 3166 931 3176 -
957 3138 1134 3206 iatrcme'esie]
1160 3137 1220 3191 Aul.
1238 3138 1273 3204 L,
1298 3154 1351 3192 wer
1371 3137 1409 3190 iet
1428 3135 1466 3188 bei

246 3226 348 3280 ahtiver
367 3224 529 3294 Geeteltung
547 3225 592 3279 dee
611 3226 701 3279 Satzes
720 3225 853 3294 Subjeht?
873 3255 906 3264 —
926 3226 1083 3294 wevera]
1102 3226 1148 3293 IV,
1167 3227 1210 3293 29,
1229 3227 1255 3280 2.
1275 3255 1309 3264 -
1328 3230 1411 3280 tantu
1428 3223 1464 3277 de'-
1527 3281 1528 3296 ,

247 3314 377 3383 lipcrete'd]
396 3314 457 3368 Anl.
475 3313 508 3367 Y.
528 3343 563 3352 -
581 3313 716 3368 custodite
734 3329 777 3370 coc
796 3314 936 3381 conticeo]
956 3314 1019 3382 „ich
1037 3314 1105 3368 hielt
1123 3314 1160 3368 rie
1178 3314 1326 3368 bowacht“.
1527 3303 1528 3376 ᾗ

321 3413 373 3454 au.
391 3415 413 3456 a.
437 3419 540 3472 mapsa
559 3419 621 3457 oum
638 3403 804 3457 contumelia
822 3402 975 3471 corborum]
1000 3402 1042 3457 Sie
1065 3402 1182 3458 hdhnteu
1201 3403 1256 3456 also
1274 3402 1341 3457 lant.
1367 3432 1398 3440 -
1423 3400 1465 3454 obi
1527 3389 1528 3392 ¹

248 3489 337 3544 cimon
356 3489 408 3558 oet]
426 3491 476 3545 ubi
495 3490 612 3557 aeithch3
632 3507 664 3544 zu
682 3491 769 3546 odeum
788 3495 829 3546 est
847 3507 868 3545 e.
887 3490 934 3557 IV,
952 3491 977 3557 8,
997 3492 1022 3544 1.
1527 3549 1528 3556 ,

321 3589 345 3631 ι.
364 3578 471 3648 omittit]
482 3578 557 3648 sap.
576 3579 619 3645 26,
638 3579 673 3633 3.'
688 3609 721 3618 —
740 3579 883 3648 pracepit
902 3583 984 3648 atquc
1001 3579 1157 3647 Interdicc't]
1175 3579 1230 3633 Das
1248 3579 1378 3648 Folgende
1396 3578 1465 3645 ueigt,

248 3665 307 3720 dass
331 3666 387 3720 sein
409 3666 501 3720 Befehl
523 3667 566 3720 ein
585 3665 671 3722 Gebot
689 3668 743 3721 und
761 3668 803 3721 ein
821 3667 921 3722 Verbot
943 3667 1060 3735 enthblt,
1084 3669 1147 3722 aber
1169 3668 1226 3722 eine
1244 3667 1377 3722 wortliche
1393 3655 1466 3720 Uber-

249 3757 361 3824 setzung
384 3754 422 3808 ist
445 3754 520 3808 nicht
542 3755 668 3825 mdglioh;
693 3757 810 3811 verfahre
835 3757 882 3811 wie
905 3756 947 3810 bei
965 3773 1023 3825 par
1047 3761 1130 3826 atquc
1153 3755 1227 3812 idem
1248 3756 1315 3826 Kap.
1335 3757 1377 3824 16,
1394 3757 1418 3811 3.
1436 3782 1465 3791 -

244 3843 408 3914 proterritis
489 3844 630 3912 coniectis]
655 3843 784 3900 An1.K⁸.
810 3875 844 3885 -
869 3845 901 3900 e'd
923 3844 984 3912 sore
1006 3844 1076 3914 oddo]
1103 3845 1172 3913 „dae
1194 3845 1261 3899 habe
1279 3844 1323 3899 ich
1340 3858 1467 3911 voreusgo

249 3932 358 3986 eehen“.
379 3961 411 3971 -
431 3929 638 4000 reuocaretur]
657 3933 703 4001 IV,
718 3934 761 4001 31,
778 3935 801 3988 1.
822 3963 854 3972 -
870 3938 962 4004 petere
980 3933 1045 4001 olm]
1066 3933 1143 4001 „sich
1157 3933 1203 3987 auf
1211 3932 1273 4002 jem.
1293 3932 1423 3988 stiimou“.
1437 3958 1466 3969 -

249 4036 305 4076 uere
327 4020 401 4089 quie]
427 4020 484 4074 Wir
506 4021 646 4075 verbinden
670 4021 711 4076 die
728 4020 861 4090 Negation
883 4021 934 4076 mit
956 4021 1014 4076 dem
1032 4022 1190 4089 Pronomen,
1216 4021 1263 4076 der
1284 4022 1402 4078 Iateiner
1423 4019 1466 4073 mit

250 4109 296 4164 der
314 4108 503 4178 Konjunktion.
528 4139 561 4149 -
584 4117 663 4165 mord
680 4110 859 4180 reliquorum]
883 4111 937 4165 lbee
955 4111 982 4164 in
1000 4110 1075 4164 einen
1093 4109 1322 4180 Bedingungseata
1340 4111 1395 4165 auf!
1429 4107 1467 4174 Sic

250 4197 347 4252 sollten
366 4197 422 4252 sich
440 4198 494 4252 also
512 4197 563 4251 mit
581 4198 631 4252 don
650 4198 748 4264 andern
766 4198 842 4252 nicht
859 4198 1008 4265 authalten,
1032 4197 1116 4252 drmit
1135 4197 1210 4267 jener
1228 4198 1304 4252 nicht
1321 4198 1394 4253 einen
1408 4194 1466 4248 Vor-

250 4304 352 4358 sprung
369 4290 500 4356 gewbnne.

324 4388 337 4430 ι
353 4393 376 4427 u.
395 4387 418 4430 ι.
440 4373 606 4446 proponere]
630 4374 696 4444 Καρ.
715 4375 758 4443 40,
778 4376 803 4430 l.
829 4403 862 4414 -
888 4375 1056 4446 comprobat]
1080 4375 1144 4430 Wae
1167 4391 1227 4430 man
1250 4378 1302 4445 gut
1319 4375 1407 4441 heiset,
1429 4373 1466 4424 bo
