3134 4922
578 316 675 373 comm.
693 317 726 384 v,
745 334 766 371 ι.
786 317 900 372 ro-aa.
1303 317 1355 378 aaa

121 475 232 540 bibitis
250 476 446 559 Cenimagni,
470 476 659 559 Segontiaei,
681 478 853 555 Ancalites,
875 477 1010 555 Bibroei,
1035 478 1126 543 Cassi
1141 479 1353 561 legationibus

29 675 31 682 Ι
120 581 231 646 missis
253 601 322 648 sese
340 583 468 648 Caesari
484 583 613 648 dedunt.
651 585 699 648 Ab
722 584 761 648 iis
778 584 940 666 eognoseit
961 603 1026 648 non
1049 584 1141 666 longe
1165 605 1203 648 er
1226 604 1262 650 eo
1285 587 1379 650 loeea

28 685 31 746 l
120 688 276 771 oppidum
305 689 535 755 Cassivellauni
566 691 676 756 abesse
707 690 794 754 silvis
824 690 1057 774 paludibusque
1081 692 1259 769 munitum,
1290 711 1353 776 quo

28 801 29 804 ’
120 796 202 860 satis
225 813 364 877 magnus
386 797 552 862 hominum
574 798 758 880 peeorisque
781 815 934 862 numerus
958 799 1146 863 convenerit.
1193 797 1378 881 Oppiduma

119 904 233 967 autem
264 903 412 967 Britanni
434 906 562 981 voeant,
594 922 668 968 eum
699 904 795 968 silvas
826 903 996 986 impeditas
1026 905 1110 968 vallo
1140 907 1236 986 atque
1267 903 1353 968 fossa

118 1010 318 1087 munierunt,
343 1028 404 1091 quo
428 1010 616 1074 ineursionis
639 1011 782 1074 hostium
797 1010 947 1076 vitandae
970 1011 1257 1096 eausaeonrenire
1280 1029 1353 1076 eon·

119 1117 268 1180 suerunt.
314 1117 360 1180 Ele
382 1116 591 1199 profieiseitur
621 1135 694 1181 eum
723 1117 917 1198 legionibus3
947 1117 1053 1182 looum
1081 1118 1198 1201 reperit
1227 1117 1376 1199 egregias

117 1224 240 1287 natura
272 1225 368 1305 atque
397 1241 489 1305 opere
519 1223 698 1297 munitum
734 1225 843 1288 tamen
873 1224 959 1288 hune
988 1223 1111 1288 duabus
1141 1243 1179 1288 ex
1207 1223 1351 1307 partibus

117 1347 306 1412 oppugnare
330 1329 500 1394 eontendit.
544 1330 662 1394 Hostes
685 1330 847 1413 paulisper
869 1330 985 1394 merati
1006 1330 1148 1395 militum
1169 1331 1377 1394 nostrorumr

115 1437 280 1519 impetum
313 1455 377 1500 non
410 1437 556 1500 tulerunt
590 1453 722 1518 seseque
758 1436 821 1500 alia
855 1455 892 1503 eu
926 1438 1017 1518 parte
1047 1435 1152 1519 oppidi
1183 1436 1352 1500 eieeerunt.

116 1543 261 1624 Magnus
296 1542 340 1606 ibi
373 1561 525 1607 numerus
560 1543 681 1625 peeoris
715 1544 878 1625 repertus,
912 1543 1071 1625 multique
1105 1543 1139 1605 in
1171 1541 1248 1624 fuga
1276 1543 1377 1607 sunta

117 1650 343 1732 eomprehensi
367 1649 463 1731 atque
486 1649 653 1714 interfecti.

212 1755 300 1819 Dum
323 1756 401 1820 haee
423 1756 457 1818 in
480 1757 530 1819 his
552 1755 629 1820 loeis
653 1758 821 1838 geruntur,
845 1754 1103 1821 Cassivellaunus
1127 1755 1168 1820 ad
1191 1754 1352 1833 Cantium,
1361 1757 1404 1818 22

117 1862 208 1946 quod
244 1881 313 1927 esse
348 1863 388 1926 ad
422 1879 510 1926 mare
545 1880 642 1945 supra
675 1862 980 1953 demonstrauimus,
1019 1862 1134 1944 quibus
1172 1861 1352 1942 regionibus

119 1971 279 2051 quattuor
301 1987 392 2052 reges
415 1971 592 2052 praeerant,
615 1969 811 2052 Cingetorix,
835 1968 1006 2048 Carvilius,
1029 1969 1273 2051 Taximagulus,
1291 1966 1353 2033 'Se-

118 2094 240 2158 gosax,
262 2075 391 2140 nuntios
415 2077 517 2141 mittit
540 2077 635 2158 atque
659 2076 698 2140 iis
725 2077 875 2158 imperat,
905 2077 954 2141 uti
976 2076 1093 2140 ooaetis
1123 2075 1269 2140 omnibus
1300 2093 1353 2139 eo·

118 2183 182 2267 piis
219 2185 326 2247 eastra
359 2183 485 2246 navalia
519 2183 557 2246 de
591 2182 762 2265 improviso
802 2181 986 2247 adoriantur
1025 2184 1121 2263 atque
1160 2182 1352 2264 oppugnent.

118 2290 147 2354 Ii
172 2308 249 2355 eum
274 2289 314 2353 ad
337 2291 444 2353 eastra
466 2289 643 2364 uenissent,
666 2288 768 2352 nostri
791 2289 954 2371 eruptione
983 2287 1069 2352 faeta
1100 2288 1211 2351 multis
1242 2302 1376 2352 eoruma

118 2395 316 2472 interfeetis,
350 2397 443 2478 eapte
473 2395 571 2459 etiam
605 2395 702 2460 nobili
732 2395 811 2459 duee
841 2394 1032 2476 Lugotorige
1068 2412 1141 2458 suos
1176 2393 1351 2458 ineolumes

118 2502 327 2570 reduxerunt.
373 2501 630 2567 Cassivellaunus
659 2502 719 2566 hoe
748 2502 866 2586 proelio
895 2501 1042 2564 nuntiato
1073 2501 1122 2564 tot
1152 2499 1377 2563 detrimentise

119 2609 278 2692 aeeeptis,
308 2608 444 2672 vastatis
473 2608 590 2672 finibus
618 2608 755 2672 maxime
784 2608 885 2672 etiam
912 2610 1076 2692 permotus
1107 2605 1281 2671 defectione
1309 2604 1352 2668 ei-

119 2716 277 2792 vitatum,
306 2715 428 2796 legatos
452 2733 508 2798 per
531 2715 717 2779 Atrebatem
742 2714 922 2779 Commium
951 2713 991 2778 de
1020 2712 1178 2777 deditione
1209 2711 1250 2776 ad
1273 2711 1352 2776 Cae·

119 2999 157 3053 ab
176 2997 290 3051 inienio
304 2998 466 3065 prolabitia]
488 2997 525 3052 Er
542 2997 641 3051 musste
660 2998 697 3052 sie
716 2997 801 3051 sicher
819 2997 913 3050 stellen
932 3013 1015 3065 gagen
1034 2995 1076 3050 die
1094 2993 1248 3050 Roebsuoht
1266 2993 1352 3047 seiner

120 3085 257 3140 Soldaten.
278 3114 312 3123 -
330 3086 472 3153 numme]
491 3087 578 3139 fibers.
596 3086 672 3140 nieht
688 3086 782 3140 immor
799 3085 850 3139 mit
868 3084 955 3152 „Zabl
964 3086 994 3138 “l
1377 3096 1382 3108 ·

198 3188 212 3231 e
232 3193 255 3226 ι.
275 3188 300 3229 s.
320 3174 454 3244 oppidum
472 3175 586 3242 ooooat]
610 3175 675 3228 Was
699 3175 737 3229 sie
755 3174 835 3228 Stedt
852 3190 968 3241 neuneu,
996 3173 1071 3242 giebt
1088 3172 1135 3226 der
1153 3169 1272 3239 folgende
1289 3169 1351 3224 Sata

119 3266 174 3319 mit
193 3279 255 3318 mom
272 3287 308 3308 ε
328 3264 443 3330 ,‚wenn“
464 3279 504 3316 an.
534 3291 568 3302 -
595 3263 767 3318 reomaense
788 3263 910 3318 bostium
928 3261 1062 3317 vitandae
1080 3258 1180 3328 omaso]
1204 3258 1296 3312 Iudem
1314 3258 1352 3312 sie

121 3353 180 3408 eieh
203 3352 266 3406 dont
288 3351 539 3417 zusammenfinden,
568 3352 693 3405 sehlitzen
717 3353 754 3405 sie
773 3351 829 3405 sich
846 3368 930 3420 gagen
948 3350 998 3404 den
1017 3348 1173 3407 feindliohen
1191 3347 1297 3404 Einfall.
1316 3373 1351 3386 ·-

120 3441 215 3512 opere]
234 3440 301 3510 Kap.
321 3441 346 3507 9,
364 3441 390 3495 4.
410 3469 443 3480 —-
463 3439 609 3509 contendo]
627 3441 673 3508 lv,
692 3441 735 3508 20,
755 3442 780 3494 1.

197 3542 211 3582 e
232 3547 254 3579 u.
276 3540 300 3582 o.
319 3529 433 3596 morati]
448 3526 572 3595 An1.r³;
586 3545 615 3582 es
629 3529 723 3583 deutet
735 3528 782 3582 aui
791 3527 841 3582 den
855 3527 1033 3593 Widerstand,
1055 3526 1104 3580 den
1119 3526 1157 3580 sie
1170 3526 1302 3580 leietoten.
1316 3553 1351 3564 -

120 3635 181 3673 noa
199 3617 337 3683 bebrant]
355 3615 416 3671 nur.
435 3616 486 3671 N¹.
506 3647 540 3656 -
557 3622 684 3687 repertas
700 3613 771 3688 (estll
791 3616 925 3670 tibersetae
943 3615 1060 3668 reflexiv!

195 3705 275 3774 Kap.
294 3704 341 3760 22.
382 3718 392 3758 ι
414 3724 438 3758 ι.
459 3717 482 3761 r.
502 3705 576 3773 qaod
655 3703 912 3772 armemanensis]
930 3703 991 3758 dnl.
1010 3703 1039 3757 P.
1059 3733 1093 3742 -
1112 3703 1213 3772 mbae
1230 3703 1351 3773 ropioni-

121 3796 173 3850 bus
191 3795 252 3862 cet]
270 3793 399 3848 behandle
417 3794 457 3848 als
475 3794 648 3848 Parentbese!
667 3823 702 3833 -
721 3793 835 3860 coortis]
855 3792 901 3860 IV,
914 3792 959 3860 34,
973 3793 998 3847 5.
1018 3821 1052 3831 -
1067 3791 1183 3858 nobilia]
1200 3792 1351 3846 bezeiebnet

122 3883 166 3937 die
185 3881 324 3937 romehme
341 3881 463 3936 Ablrunft
480 3882 526 3935 des
544 3881 661 3936 Mannes.
1025 3941 1027 3946 ¹

198 3984 223 4026 a.
244 3970 352 4041 proelio
368 3971 515 4038 mmla'oto]
533 3969 594 4024 Aul.
614 3968 666 4033 L⁵3
691 3970 733 4024 die
750 3970 890 4038 folgenden
908 3969 1046 4024 absolutos
1063 3967 1185 4022 Ablative
1209 3968 1270 4022 sind
1288 3968 1350 4022 aber

122 4061 164 4114 als
181 4060 356 4114 Kausalsbtae
374 4059 530 4113 ausrulbsen.
550 4087 584 4098 -
603 4059 796 4113 alamannium
813 4056 948 4128 occipere]
966 4057 1007 4112 Im
1024 4056 1175 4111 Deutsehen
1200 4055 1350 4110 bersiehnet

122 4166 185 4203 man
203 4149 328 4202 Verluste
346 4148 386 4201 als
404 4148 447 4202 ein
464 4147 601 4214 Laidem
629 4148 705 4201 nieht
722 4147 763 4201 als
780 4147 838 4201 eine
857 4144 946 4212 (labe,
974 4146 1016 4199 die
1033 4161 1094 4200 man
1112 4145 1295 4215 empfdngt
1315 4173 1349 4182 -

118 4235 278 4306 peremtus]
297 4235 357 4290 Anl.
375 4235 417 4290 δ’.
436 4265 470 4275 -
494 4237 598 4305 legatos
616 4236 651 4291 de
670 4235 810 4291 deditione
827 4233 919 4302 aritio]
940 4233 1003 4300 „ich
1022 4233 1124 4288 sehielre
1143 4231 1276 4288 Gesandte
1295 4232 1350 4286 und

123 4325 195 4380 biete
212 4325 298 4380 meino
315 4324 516 4394 Uuterwerlung
533 4325 597 4380 an“.
