3172 4922
584 351 681 406 comm.
701 352 723 420 1,
742 369 763 406 ο.
782 353 897 407 38-40.
1319 347 1355 410 at

122 513 238 578 eastris
262 513 461 577 testamenta
483 513 744 602 obsignabantur.
778 512 902 576 Horum
925 513 1054 578 veeibus
1079 514 1252 578 aetimare
1276 533 1355 596 pau·

122 620 214 684 latim
242 620 343 683 etiam
366 619 402 696 ii,
427 619 481 699 qui
512 637 666 701 magnum
700 619 733 682 in
765 618 879 682 eastris
908 637 1003 682 usum
1032 619 1205 697 habebant,
1234 604 1353 684 milites

124 726 397 806 aenturionesque
422 725 539 806 quique
570 727 729 808 equitatui
757 727 939 808 praeerant,
966 725 1246 808 perturbabantur.
1291 725 1378 805 Quia

125 851 159 897 se
184 851 223 897 ex
245 831 297 896 his
320 833 427 896 minus
451 833 579 896 timidos
597 833 771 897 existimari
786 832 943 914 valebant,
965 849 1029 895 nen
1052 832 1227 896 sebastem
1243 833 1353 911 vereri,

125 938 181 1004 sed
197 940 365 1020 angustias
382 939 503 1003 itineris
521 941 553 1003 et
567 939 822 1020 magnitudinem
840 939 1000 1016 silvarum,
1024 957 1105 1020 quae
1120 938 1353 1002 intercederent

122 1047 208 1110 inter
231 1047 317 1129 ipses
341 1049 438 1128 atque
454 1045 658 1124 Ariovistum,
682 1048 739 1110 aut
754 1065 823 1110 rem
838 1045 1089 1121 frumentariam,
1112 1048 1150 1108 ut
1172 1045 1250 1108 satis
1267 1064 1352 1109 eem-

122 1153 216 1218 mede
241 1154 421 1235 supportari
442 1155 566 1245 posset„
582 1153 694 1217 timere
726 1153 881 1217 dicebant.
926 1152 1079 1244 Nonnulli
1103 1151 1200 1217 etiam
1223 1151 1375 1217 Caesarii

122 1260 328 1344 nuntiarant,
353 1279 425 1325 aum
449 1262 555 1328 eastra
577 1261 697 1325 moveri
721 1279 757 1338 aa
781 1260 872 1342 signa
895 1259 975 1338 ferri
1002 1259 1162 1336 iussisset,
1192 1277 1255 1323 nen
1286 1257 1351 1343 iare

124 1366 209 1431 dieto
234 1366 400 1432 audientes
422 1368 541 1432 milites
564 1383 669 1449 neque
692 1369 821 1450 propter
844 1367 993 1431 timorem
1017 1367 1107 1448 signa
1130 1366 1262 1430 laturos.

213 1473 304 1538 Haeo
327 1493 401 1538 aum
425 1474 711 1552 animadvertisset,
735 1475 905 1538 eenvoeate
929 1473 1058 1537 oonsilio
1075 1473 1279 1554 amniumque
1303 1476 1406 1537 or-dt)

125 1580 239 1646 diuum
262 1579 304 1644 ad
326 1580 358 1644 id
382 1581 547 1645 eonsilium
572 1581 722 1644 adhibitis
739 1581 976 1646 centurionibus
1000 1580 1205 1644 vehementer
1229 1598 1281 1644 eos
1304 1581 1353 1643 in-

125 1688 265 1753 cusavit:
290 1687 446 1770 primum,
471 1687 581 1768 qu0d‚.
595 1689 652 1752 aut
683 1705 780 1768 quam
809 1688 843 1750 in
872 1690 1013 1770 partem,
1042 1688 1098 1750 aut
1129 1705 1191 1768 quo
1222 1687 1352 1751 oonsilio

124 1795 329 1871 dueerentun
353 1794 412 1858 sibi
436 1793 654 1875 quaerendum
671 1796 727 1857 aut
743 1794 947 1875 cogitandum
962 1794 1122 1877 putarent.
1156 1793 1378 1858 Ariovistuma

125 1919 157 1966 se
182 1901 315 1965 consule
346 1901 549 1983 cupidissime
579 1901 687 1984 pepuli
717 1901 854 1964 Romani
885 1901 1059 1965 amicitiam
1090 1900 1266 1982 appetisse;
1296 1919 1353 1964 aur

122 2008 210 2072 hune
234 2010 304 2070 tam
327 2008 446 2071 temere
471 2007 641 2088 quisquam
665 2008 703 2071 ab
721 2006 821 2072 difinio
838 2007 1053 2071 discessurum
1069 2005 1246 2071 iudicaret?
1286 2005 1377 2071 Sibis

124 2115 256 2197 quidem
286 2113 471 2196 persuaderi
500 2113 633 2195 cognitis
665 2113 730 2177 suis
760 2114 931 2196 postulatis
961 2116 1058 2195 atque
1087 2114 1248 2194 aequitate
1279 2132 1354 2177 een-

123 2221 288 2286 dieionum
311 2222 475 2303 perspecta
499 2239 573 2284 eum
588 2239 690 2301 neque
709 2238 800 2284 suam
821 2239 924 2302 neque
940 2220 1049 2304 populi
1064 2220 1200 2284 Romani
1216 2220 1354 2301 gratiam

122 2431 197 2468 wann
216 2431 281 2468 man
299 2414 355 2468 sein
369 2414 524 2468 Testament
542 2414 707 2468 aufsetzt.
727 2445 760 2452 —
780 2414 943 2482 incastris]
962 2415 1037 2468 steht
1054 2414 1111 2467 hier
1129 2413 1231 2468 weffir?
1251 2443 1285 2452 —
1304 2415 1354 2482 qni

119 2503 288 2572 praeerant]
307 2503 374 2557 nauh
392 2502 453 2557 Aul.
472 2502 504 2557 A.
524 2531 558 2542 -
573 2503 750 2571 perturbasti]
771 2504 820 2571 „in
838 2503 947 2557 Unruhe
965 2503 1105 2572 gersten“.

196 2605 221 2646 s.
241 2593 291 2662 pai
303 2607 337 2647 aa
350 2593 403 2660 bia]
418 2617 453 2636 =
467 2593 491 2646 a·
505 2609 537 2648 em
550 2593 603 2659 bis,
619 2593 675 2661 qai.
690 2621 724 2630 -
743 2592 912 2660 aniatimaai]
927 2592 1069 2660 ,‚geItan“.
1087 2621 1121 2630 —
1140 2608 1197 2646 nan
1210 2607 1238 2646 aa
1252 2591 1354 2646 hastam

122 2681 212 2737 varari
231 2683 295 2750 eta]
314 2681 369 2736 Das
387 2682 538 2750 regiarende
556 2682 673 2735 Verbum
693 2682 767 2735 steht
785 2698 827 2734 am
846 2681 919 2735 Ende
938 2681 984 2735 des
1003 2681 1102 2734 Satzes.
1122 2710 1155 2720 -
1174 2679 1358 2750 mnmaadaaa]

123 2771 232 2840 „liegen
252 2771 409 2826 zwisehen“.
430 2799 463 2810 —
481 2787 539 2825 ram
564 2771 788 2838 frumentariam]
807 2771 845 2824 ist
863 2773 942 2824 unter
960 2770 1019 2824 dem
1037 2769 1167 2823 Einflusse
1185 2769 1231 2822 der
1249 2769 1354 2823 vorher·

122 2859 261 2928 gehenden
279 2858 537 2928 Objektsaeeusative
563 2857 724 2928 arepentina,
749 2859 970 2928 mapnitndinam
988 2860 1016 2912 in
1035 2858 1136 2914 direirte
1155 2857 1354 2926 Abhbngigkeit

121 2963 172 3001 ron
198 2948 296 3002 timeae
320 2949 487 3015 gskommen,
511 2948 635 3002 utbrend
661 2964 689 3001 es
713 2948 855 3016 eigentlieh
880 2946 991 3017 Subjeit
1016 2965 1047 3000 zu
1071 2953 1105 3001 at
1189 2946 1353 3016 supportari

117 3037 287 3106 penetrem
307 3036 392 3091 sollte.
413 3065 446 3075 -
465 3036 611 3105 emnmada]
631 3037 763 3104 ,‚laieht“.
783 3067 817 3076 -
836 3037 1013 3105 supportare]
1034 3035 1244 3103 „naabffihren“.

196 3139 221 3180 ι.
240 3131 336 3180 aaataa
354 3127 468 3194 monera]
486 3126 552 3197 Kap.
573 3128 615 3193 15,
635 3129 660 3180 1.
680 3157 714 3165 —
733 3128 814 3195 sipara
832 3126 914 3194 seara]
932 3126 1007 3180 Baim
1021 3123 1175 3179 Ausrdelren
1190 3124 1292 3178 werden
1310 3124 1356 3177 dia

121 3214 330 3284 iestgestecktan
344 3214 514 3269 Feldzeiehen
527 3232 575 3268 aus
589 3215 635 3268 der
648 3213 717 3268 Erde
730 3215 951 3282 herausgarissen,
970 3231 1015 3267 um
1027 3229 1074 3267 ror
1088 3213 1138 3266 den
1151 3213 1352 3266 Mannsehaiten

121 3304 300 3372 hergetragen
323 3321 355 3357 zu
379 3303 491 3358 werden·
508 3333 544 3341 -
563 3320 625 3358 anm
705 3303 840 3370 iussisset]
865 3304 966 3356 lautate
984 3303 1012 3356 in
1030 3301 1075 3357 Or.
1094 3304 1167 3356 reeta
1186 3318 1248 3356 anm
1265 3302 1353 3356 insae-

120 3393 169 3448 ris.
190 3421 225 3432 —·
245 3393 321 3447 dicto
340 3392 459 3448 audiens
483 3392 555 3459 snm]
581 3393 644 3459 „iah
668 3392 747 3446 leiste
769 3393 838 3459 (dem
865 3391 966 3457 Befehl)
993 3391 1174 3458 Gehorsam“;
1201 3390 1351 3460 Gegenteil:

123 3481 187 3549 „iah
206 3481 359 3550 verweigere
378 3481 428 3535 den
447 3479 620 3536 Gehorsam“.
1025 3533 1033 3548 ,

193 3569 274 3638 Kap.
293 3569 344 3624 40.
387 3583 406 3624 ι.
425 3571 505 3638 orda]
530 3571 569 3624 oft
586 3595 621 3616 --
640 3571 777 3626 mummia.
801 3601 834 3609 —
860 3570 1004 3638 adhibitis]
1029 3569 1095 3641 Kap.
1115 3571 1158 3638 20,
1178 3571 1202 3626 6.
1222 3600 1256 3608 -
1275 3569 1351 3623 aeba-

120 3665 227 3715 mantar
239 3659 381 3728 inarmaaa]
400 3660 494 3726 (selten
509 3683 544 3703 =
560 3660 709 3726 „Vorwdrfe
725 3659 865 3724 maehen“)
883 3659 944 3713 Anl.
959 3658 991 3713 U.
1011 3689 1045 3697 —
1063 3659 1138 3728 quad
1206 3663 1352 3728 putarant,

121 3749 175 3805 abi
257 3748 436 3816 capitanatum
455 3748 544 3816 (essa)]
563 3749 680 3810 Hierion,
696 3749 734 3802 ist
752 3749 798 3802 der
816 3748 958 3817 Fragasata
978 3747 1118 3817 abhingig.
1138 3777 1172 3786 -
1191 3747 1260 3802 mihi
1278 3748 1350 3816 capi·

122 3837 245 3893 taatdnm
259 3837 342 3906 pata]
363 3837 427 3904 „iah
444 3837 517 3890 halis
535 3854 563 3890 es
581 3838 623 3890 fiir
641 3839 725 3891 meins
743 3837 824 3891 Saehe
843 3855 875 3891 zu
894 3838 1043 3904 erwt'gen“.

196 3937 219 3982 ².
239 3925 418 3994 stupidissima
428 3927 630 3994 apparatam]
642 3926 718 3994 „siah
728 3927 778 3979 mit
786 3927 914 3994 griistem
923 3925 993 3980 Eiier
1002 3943 1047 3980 um
1057 3924 1351 3980 etwasbeuerben“.—

121 4033 172 4072 aar
252 4015 399 4084 qaisquam
476 4015 627 4082 iudicarat]
646 4015 760 4083 gehdren
779 4032 936 4070 zusammen.
957 4043 990 4054 -
1011 4019 1069 4068 tam
1087 4013 1193 4082 tamara]
1213 4029 1264 4082 „so
1283 4013 1351 4068 ohne

121 4103 251 4170 Gnmd“;
269 4103 365 4172 gehdrt
383 4103 475 4157 nonu?
494 4133 527 4143 —
547 4104 687 4158 discedere
705 4103 734 4172 a]
754 4106 872 4172 „untreu
891 4104 1001 4172 werden,
1021 4104 1190 4173 vergessen“.

195 4207 218 4248 a.
238 4191 309 4246 mibi
323 4191 523 4261 persuadetur]
550 4192 614 4258 „iah
638 4193 739 4246 komme
763 4210 794 4245 zu
814 4193 860 4246 der
877 4183 1098 4262 Uberzeugung“.
1118 4223 1152 4231 —
1172 4192 1289 4262 capnitis

116 4281 279 4352 perspecta]
303 4281 438 4362 dbersetm
462 4281 535 4334 alitiv
560 4281 627 4334 nach
651 4281 711 4336 Ani.
730 4279 785 4335 K⁸t
813 4310 844 4320 -
868 4281 1034 4350 postulatis]
1059 4282 1097 4336 ist
1114 4281 1204 4334 Subst.
1230 4311 1263 4320 -
1288 4295 1350 4334 ean-

120 4371 207 4439 diaio]
228 4369 417 4439 ,‚Bedingung‚
436 4369 610 4438 Vorsehlag“.
