3172 4922
574 369 671 425 Comm.
690 371 712 438 1,
731 387 752 425 e.
771 371 886 426 40-42.
1311 367 1347 429 43
1396 372 1400 380 “

204 529 342 614 Cognito
367 529 512 596 Caesaris
536 531 675 596 adventu
698 532 876 597 Ariovistus
899 532 1022 614 lagatos
1053 531 1094 595 ad
1125 551 1199 596 eum
1228 533 1399 596 mittitzdz

117 637 202 719 quod
225 639 324 702 antea
348 637 386 702 do
411 638 566 720 oolloquio
589 639 793 722 postulasset,
816 638 848 702 id
863 657 920 721 per
936 655 969 702 se
985 637 1053 702 fieri
1068 637 1172 715 lioare,
1196 639 1346 720 quoniam

115 742 247 828 propius
271 744 477 821 accessisset,
491 762 587 826 seque
611 743 643 808 id
667 743 734 809 sine
757 744 896 827 periculo
919 743 1022 808 faeere
1045 762 1137 826 posse
1155 745 1345 809 existimare.

116 849 189 915 Non
212 851 338 933 respuit
361 850 576 916 oondioionem
592 850 718 928 Caesar,
741 851 869 933 iamque
886 870 960 916 enm
984 850 1024 915 ad
1041 851 1213 914 sanitatem
1228 851 1371 916 revertit

118 957 344 1035 arbitrabatur,
369 976 441 1022 oum
463 957 504 1034 id,
529 957 613 1040 quod
637 959 732 1022 antea
755 958 876 1041 petenti
899 957 1096 1038 denegasset,
1119 957 1203 1021 ultro
1219 958 1347 1039 polliae-

118 1065 217 1140 retnr,
240 1081 456 1146 magnamque
478 1064 512 1128 in
536 1083 625 1147 spem
648 1065 796 1129 veniebat
817 1083 874 1147 pro
898 1064 964 1128 suis
980 1064 1081 1128 tantis
1096 1063 1267 1146 populique
1283 1063 1372 1128 Ros

117 1171 205 1234 mani
228 1170 263 1233 in
287 1189 362 1235 eum
384 1171 543 1236 benefieiis
567 1171 701 1253 eognitis
725 1172 791 1235 auis
814 1171 985 1254 postulatis
1008 1169 1083 1246 fore,
1106 1170 1155 1234 uti
1170 1169 1346 1252 pertinaoia

118 1277 300 1342 desisteret.
345 1277 422 1342 Dies
446 1278 601 1359 oolloquio
626 1277 730 1342 dietus
754 1279 803 1342 eet
826 1297 864 1342 ex
887 1296 922 1342 eo
947 1277 996 1342 die
1028 1276 1169 1358 quintus.
1213 1275 1371 1341 Interimr

118 1401 213 1465 saepe
238 1383 324 1448 ultro
349 1384 490 1467 nitroque
514 1403 587 1449 oum
610 1385 709 1466 legati
732 1385 816 1449 inter
845 1403 898 1448 eos
922 1385 1144 1460 mitterentur,
1167 1382 1347 1448 Ariovistus

116 1489 310 1572 postulavit,
344 1509 385 1555 ne
421 1509 516 1573 quem
549 1491 690 1574 peditem
720 1491 761 1556 ad
792 1492 985 1573 colloquium
1016 1489 1133 1557 Caesar
1162 1489 1347 1554 adduoeret:

45 1613 48 1622 ·
117 1595 222 1660 vereri
245 1613 299 1674 se,
322 1615 362 1660 ne
391 1615 448 1679 per
476 1597 608 1661 insidiae
626 1598 678 1662 ¹ab
709 1615 745 1662 eo
775 1597 1075 1670 eiroumvaniretur3
1106 1596 1241 1678 uterque
1275 1615 1349 1660 eum

118 1703 268 1784 equitatu
295 1703 434 1780 veniret;
465 1705 528 1768 alia
558 1705 680 1769 ratione
710 1723 779 1769 sese
809 1724 873 1768 non
903 1723 971 1768 esse
995 1704 1176 1768 venturum.
1223 1702 1373 1780 Caesena

119 1809 203 1890 quod
227 1827 334 1891 neque
358 1810 551 1892 colloquium
574 1811 764 1894 interposita
787 1829 884 1875 eausa
907 1810 977 1874 tolli
998 1809 1141 1887 volebat,
1171 1827 1274 1891 neque
1299 1827 1349 1873 sa-

118 1916 222 1980 lutem
245 1934 339 1980 suom
364 1915 529 1982 Gallorum
552 1917 711 1999 equitatui
735 1918 932 1982 committere
957 1915 1109 1993 audebat,
1132 1915 1349 1980 commodissi-

119 2041 210 2087 mum
241 2041 311 2088 esse
344 2025 411 2088 etat
435 2023 459 2088 't
489 2024 636 2089 omnibus
673 2025 763 2106 equis
794 2023 895 2088 Gadis
931 2023 1091 2105 equitibus
1126 2021 1278 2087 detraotis
1313 2040 1349 2086 eo

119 2129 309 2212 legionarios
332 2130 451 2194 milites
474 2131 606 2212 leglenis
631 2131 781 2208 decimae,
805 2131 856 2195 oni
881 2149 978 2212 quam
1001 2130 1137 2193 maximo
1161 2127 1349 2205 confidebat,

135 2377 138 2383 -
190 2339 271 2408 Καρ.
285 2341 336 2397 42.
377 2354 399 2396 1.
425 2342 510 2412 qood]
529 2343 595 2414 Kap.
616 2344 659 2410 13,
678 2343 703 2398 5.
728 2372 761 2382 -
777 2343 922 2412 postulone
946 2341 989 2409 de]
1009 2341 1092 2395 neben
1116 2341 1260 2410 postulare
1284 2339 1350 2408 alqol

121 2431 224 2495 „etwas
242 2430 414 2486 wunsehen‘fl
434 2458 467 2468 -
483 2448 537 2500 per
554 2449 595 2487 me
614 2431 689 2500 lieet]
709 2432 772 2500 „ieh
790 2432 857 2485 habe
875 2431 964 2485 niehts
983 2430 1199 2495 einzuwenden“;
1220 2429 1300 2484 wobei
1318 2429 1350 2483 id

119 2519 180 2586 fieri
204 2519 289 2572 dureh
314 2519 357 2573 ein
381 2519 479 2574 blosses
497 2521 601 2575 Adverb
627 2521 837 2590 wiedergegoben
861 2520 964 2574 worden
988 2520 1066 2574 kann.
1087 2547 1120 2556 -
1145 2519 1237 2588 oeque]
1256 2519 1351 2586 gahbrt

121 2607 219 2661 rowohl
237 2625 271 2661 zu
289 2608 447 2664 mamare
465 2611 506 2664 alo
524 2628 557 2664 zu
574 2609 665 2676 faeere
682 2626 767 2679 poree.

193 2707 218 2751 ².
238 2698 377 2766 condicio]
396 2699 463 2770 Kap.
482 2700 532 2767 40,
558 2700 583 2754 3.
603 2729 637 2738 -
656 2699 778 2768 nouitas]
802 2698 917 2753 ntmlieh
935 2699 1034 2752 mentia
1053 2697 1230 2765 ,‚Vamunst“.
1250 2725 1285 2735 —
1301 2712 1350 2766 pe-

121 2786 202 2854 tente]
222 2787 338 2841 ntmlieh
355 2788 421 2842 orbi:
439 2789 482 2854 bei
501 2788 547 2842 dor
564 2777 747 2856 Ubersetnung
764 2787 898 2842 varwonde
914 2787 1046 2854 „Bitto“!
1067 2817 1100 2826 -
1118 2784 1206 2853 ultro]
1226 2786 1253 2850 1)
1272 2785 1350 2852 „hin-

121 2875 221 2942 dber“;
240 2876 269 2942 2)
288 2876 377 2942 „noeh
395 2876 543 2944 obendrein‚
563 2878 674 2946 sogar“;
694 2878 722 2942 3)
742 2876 907 2944 ,‚lreiwillig,
933 2875 1004 2942 (von)
1022 2875 1136 2928 salbst“.
1157 2903 1190 2912 -
1205 2873 1349 2943 polliceor]

122 2963 200 3031 „sloh
219 2981 252 3018 zu
271 2967 353 3018 etwas
372 2966 496 3032 athletam,
515 2969 596 3020 etwas
615 2966 767 3020 anbietan“.

196 3065 220 3108 a.
239 3069 375 3123 maqnom
388 3054 419 3108 ia
437 3071 511 3124 apem
529 3055 664 3122 onomat]
689 3054 755 3124 Kap.
776 3055 822 3122 18,
849 3055 880 3120 9;
905 3053 1012 3107 hiarvon
1035 3053 1121 3120 hangt
1145 3052 1192 3105 ab:
1215 3051 1291 3118 fora,
1315 3055 1350 3106 ut

122 3141 274 3210 dorotea,
292 3142 340 3196 das
359 3143 407 3198 wir
424 3143 492 3198 bloio
511 3143 608 3198 durohs
621 3143 752 3197 Futurum
770 3160 820 3198 von
835 3142 978 3210 „Abotand
992 3141 1124 3195 nahmen“
1138 3142 1299 3193 iibersetnen.
1317 3167 1349 3178 -

119 3231 185 3300 pro]
205 3248 287 3298 „num
304 3232 382 3286 Dank
399 3233 449 3300 fiir,
468 3234 518 3286 mit
535 3233 681 3286 Riielrsieht
698 3233 775 3286 auf“.
796 3261 828 3270 -
849 3237 932 3287 tuoto
950 3229 1091 3299 beneficia]
1109 3230 1176 3300 Kap.
1195 3230 1245 3296 33,
1272 3231 1295 3282 1.
1316 3257 1349 3268 -

10 3349 14 3358 ·
121 3320 182 3375 aeia
262 3321 381 3391 counitio
456 3321 621 3392 postulatio]
639 3322 687 3376 wie
705 3322 772 3392 Kap.
790 3323 841 3389 40,
867 3323 892 3376 3.
917 3350 952 3360 -
978 3320 1050 3374 diem
1074 3320 1166 3374 dicare
1190 3319 1279 3374 alieni
1295 3317 1349 3385 rei]

120 3409 189 3480 Knp.
209 3410 235 3478 6,
255 3411 282 3464 4.

196 3512 221 3553 4.
240 3499 354 3554 interim
433 3516 495 3554 aem
572 3500 761 3568 mitterentur]
775 3500 889 3569 gehtren
904 3515 1060 3553 zusammen.
1080 3527 1114 3536 -
1132 3513 1167 3551 aa
1180 3513 1259 3566 quem
1269 3495 1351 3566 podi-

123 3587 188 3656 tem]
208 3586 323 3655 „kainon
337 3587 419 3642 Manu
437 3606 469 3642 zu
487 3588 583 3643 Fufs“.
603 3619 636 3630 -
654 3605 705 3658 per
723 3588 856 3657 insidiae]
874 3589 960 3642 libers.
975 3588 1058 3641 durch
1072 3587 1114 3640 ein
1128 3586 1299 3640 Adverbium!
1316 3614 1349 3623 —
1410 3601 1419 3618 ·

123 3676 695 3748 ornamenta],‚memera110100kan“;
715 3677 888 3746 „iibarlallom
906 3676 1110 3744 llintorgahen“.
1131 3705 1161 3714 -
1182 3673 1298 3740 ueniret]
1314 3673 1351 3726 ist

121 3765 151 3819 in
169 3764 215 3820 Or.
234 3768 308 3820 reeta
325 3765 468 3836 Imperativ
485 3783 611 3834 genesen.
631 3794 666 3804 -
684 3765 882 3832 alteratione]
902 3765 1093 3832 „andemfalla
1112 3764 1218 3818 eonst“.

197 3869 221 3909 a.
241 3853 353 3919 Goeoor,
372 3855 457 3925 quod]
475 3854 536 3908 Aul.
555 3855 586 3909 V.
610 3884 645 3894 -
671 3855 837 3924 colloquium
855 3853 978 3922 tollitur]
999 3853 1062 3921 „die
1080 3852 1268 3919 Untarredung
1285 3850 1352 3904 wird

123 3944 277 3998 roroitalt“.
302 3973 337 3984 —
362 3960 475 3999 masam
501 3944 686 4014 maronam]
706 3944 802 4011 „einen
828 3941 921 3997 Gnmd
945 3942 1151 4008 rorsehlitzen“;
1180 3941 1245 4008 „ein
1262 3956 1351 4008 vorge·

123 4033 259 4087 ndriitzter
284 4030 399 4087 (ὶιιιιιιίιι
423 4033 506 4086 heilet
534 4033 576 4087 ein
608 4033 784 4100 ‚,Vorwand“.
814 4061 850 4070 —
880 4032 969 4100 salos]
998 4031 1061 4098 „die
1089 4030 1236 4085 Sinhorhait
1266 4030 1351 4083 rainer

123 4121 252 4176 Peroon“.
279 4150 314 4160 -
339 4122 505 4190 oomoaodua]
531 4139 733 4191 „augementum
758 4122 897 4190 geruten“.
923 4149 957 4159 -
981 4121 1088 4188 alateo]
1113 4120 1180 4190 Kap.
1201 4121 1247 4187 ll,
1270 4120 1296 4174 6.
1316 4149 1350 4158 -

125 4209 218 4266 Gallio
236 4210 388 4280 equitibus]
405 4211 444 4265 iot
460 4211 555 4278 Datin
582 4211 633 4265 den
651 4210 713 4264 Satn
737 4211 807 4264 bilde
829 4210 895 4264 naeh
914 4209 975 4264 Anl.
994 4209 1029 4262 L!
1057 4239 1091 4248 -
1116 4209 1155 4278 eo]
1182 4209 1239 4262 hier
1264 4231 1300 4253 =
1317 4208 1350 4262 aba

123 4317 166 4357 ooo
189 4301 298 4368 (ebonro
317 4299 391 4353 steht
409 4300 456 4353 dae
475 4300 579 4354 Adverb
598 4299 665 4353 auch
683 4299 726 4352 fur
750 4300 792 4352 die
816 4299 930 4354 anderen
949 4297 1076 4364 Genera),
1094 4298 1209 4352 nimliolr
1235 4298 1276 4351 die
1301 4297 1352 4350 den

122 4387 242 4444 Galliam
267 4390 487 4457 obganommenon
510 4389 611 4442 Plerda.
636 4413 670 4426 -
696 4386 989 4456 contenderim.
1016 4416 1049 4426 —
1070 4386 1258 4455 praesidium]
1278 4386 1352 4453 „Be-
