3172 4922
256 357 293 417 22
751 359 791 412 De
808 359 877 412 bello
896 357 995 413 Gaiiioo

107 553 108 556 ¹
205 527 247 589 22
347 520 455 584 Prima
477 520 557 597 luce,
580 539 655 584 cum
678 537 824 584 summus
847 538 937 584 mons
962 538 981 583 a
1004 521 1038 582 T.
1057 519 1196 584 Labieno
1220 521 1392 598 teneretur,
1416 521 1485 604 ipse

259 628 298 692 ab
321 627 462 691 hostium
492 626 606 708 castris
635 645 698 690 non
728 625 853 707 longius
884 627 971 690 mille
996 627 1027 689 et
1051 626 1234 707 quingentis
1256 626 1404 708 passibus
1428 627 1486 690 ab·

259 735 352 810 essct,
374 751 494 814 neque,
517 735 555 796 ut
577 735 689 815 postea
713 751 750 796 ex
773 732 906 814 captivis
931 732 1098 815 comparit,
1122 733 1180 796 aut
1202 732 1303 814 ipsius
1328 732 1487 797 adventus

234 842 316 904 aaut
338 839 470 903 Labieni
499 839 645 920 cognitus
676 840 776 916 esset,
805 837 972 902 Considius
996 857 1077 919 equo
1101 838 1240 902 admisso
1272 838 1312 902 ad
1335 857 1410 902 eum
1434 856 1488 902 ao-

258 947 366 1022 currit,
390 946 467 1009 dicit
489 948 640 1019 montem,
664 963 760 1025 quem
783 943 956 1009 aLabieno
980 944 1127 1026 occupari
1150 944 1296 1020 voluerit,
1320 945 1359 1008 ab
1382 945 1487 1008 hosti-

257 1053 317 1117 bus
348 1052 466 1116 teneri:
496 1051 529 1114 id
559 1070 592 1115 sc
624 1050 797 1115 aCalIiois
829 1051 926 1114 armis
957 1053 1053 1132 atque
1083 1049 1261 1132 insignibus
1292 1050 1487 1132 cognovisse.

233 1159 376 1224 aCaeaar
407 1177 482 1222 suas
506 1159 611 1241 copias
634 1158 668 1221 in
690 1159 870 1240 proximum
893 1158 1007 1222 collem
1031 1157 1188 1234 subducit,
1220 1156 1320 1220 aciem
1343 1157 1486 1221 instruit.

257 1265 427 1340 Labienus,
450 1267 488 1329 ut
512 1265 581 1328 erat
605 1264 634 1328 ei
656 1266 863 1346 praeceptum
886 1283 905 1328 a
928 1262 1072 1340 Caesare,
1095 1281 1135 1326 ne
1159 1262 1316 1345 proelium
1338 1263 1501 1328 commit-

257 1374 354 1449 teret,
384 1372 446 1436 nisi
476 1371 576 1454 ipsius
608 1371 715 1453 copiae
745 1389 841 1453 prope
871 1370 1013 1434 hostium
1042 1371 1149 1434 castra
1178 1370 1264 1434 visae
1296 1373 1418 1448 essent,
1451 1371 1490 1435 ut

258 1478 398 1559 undique
429 1496 492 1541 uno
521 1479 664 1560 tempore
694 1475 727 1539 in
756 1476 864 1540 hostes
894 1476 1033 1558 impetus
1056 1476 1163 1552 ficret,
1194 1477 1302 1540 monte
1332 1478 1489 1558 occupato

232 1586 383 1648 inostros
407 1585 611 1666 exspectabat
633 1583 815 1665 proelioque
840 1583 1029 1646 abstinebat.
1070 1583 1174 1646 Multo
1198 1582 1333 1662 denique
1357 1581 1489 1666 disper

258 1691 472 1772 exploratores
504 1689 623 1756 Cacsar
653 1689 800 1771 cognovit
830 1690 861 1752 et
890 1691 1032 1753 montem
1067 1707 1086 1752 a
1121 1689 1187 1752 suis
1217 1688 1318 1752 teucri
1349 1689 1382 1753 et
1410 1688 1491 1752 Hel«

258 1796 358 1861 vettos
383 1798 488 1860 castra
511 1796 647 1860 movisse
671 1797 704 1858 et
727 1793 911 1860 Considium
935 1795 1048 1859 timore
1072 1795 1292 1878 perterritum,
1316 1794 1401 1875 quod
1423 1814 1490 1861 non

233 1901 405 1980 scidisset,
428 1921 484 1984 pro
508 1902 575 1966 viso
599 1901 659 1966 sibi
681 1901 922 1966 renuntiavisae.
967 1902 1013 1965 Ito
1037 1901 1087 1966 die
1112 1919 1174 1982 quo
1198 1903 1367 1966 consuerat
1389 1900 1490 1967 inter-

257 2010 341 2074 vallo
375 2010 484 2073 hostes
515 2009 661 2090 sequitur
696 2010 729 2072 ct
762 2007 851 2071 milia
885 2026 1041 2091 passuum
1070 2007 1133 2072 tria
1163 2008 1202 2072 ab
1232 2027 1342 2072 corum
1372 2007 1487 2071 castris

259 2117 365 2200 eastra
387 2115 485 2198 ponit.

97 2285 98 2288 ,
206 2224 248 2286 23
348 2221 504 2287 Postridie
521 2221 588 2285 eius
604 2219 675 2296 diei,
700 2219 784 2301 quod
807 2220 934 2284 omnino
957 2219 1091 2285 biduum
1107 2221 1280 2302 supererat,
1304 2238 1378 2285 oum
1400 2238 1489 2284 cncr-

260 2329 337 2395 oitui
367 2327 566 2392 frumentum
595 2327 703 2391 metiri
733 2328 908 2410 oporteret,
944 2329 977 2392 et
1008 2326 1093 2408 quod
1125 2345 1143 2390 a
1172 2325 1337 2404 Bibracte,
1371 2324 1487 2409 oppido

258 2436 466 2500 Haeduorum
496 2436 588 2516 longe
618 2433 755 2498 maximo
786 2435 819 2498 et
846 2434 1076 2517 copiosissimo,
1104 2453 1168 2497 non
1192 2433 1329 2516 amplius
1356 2432 1488 2497 milibus
1579 2473 1580 2486 κ

257 2560 412 2625 passuum
427 2541 540 2607 XVIII
556 2541 674 2618 aberat,
697 2541 743 2605 rei
766 2539 994 2605 frumentariae
1014 2539 1269 2624 prospioIcndum
1284 2539 1498 2618 existimavIt,

329 2768 408 2838 Kap.
426 2767 474 2824 22.
516 2781 536 2822 ι.
556 2769 654 2837 pro'ma
672 2769 740 2838 luce]
760 2770 824 2837 „boi
842 2768 968 2824 Anbruoh
987 2769 1033 2823 des
1051 2769 1135 2838 Tages
1143 2769 1167 2823 “.
1196 2799 1230 2808 -
1258 2785 1380 2824 mmmm
1397 2769 1488 2837 mona]

260 2859 286 2926 l)
305 2857 374 2926 „dor
392 2858 501 2912 bdchste
514 2857 620 2926 Berg“;
639 2858 668 2923 ἓ)
687 2859 757 2926 „der
770 2856 857 2929 Gipicl
871 2859 917 2912 des
930 2859 1061 2928 Bergea“.
1082 2885 1115 2896 —-
1134 2858 1221 2914 maeri
1239 2859 1273 2913 ab
1292 2859 1399 2928 aliquo]
1414 2875 1488 2925 „von
1578 2877 1579 2921 ἦ

256 2946 318 3016 jem.
333 2948 437 3001 besetzt
455 2946 520 3013 sein,
539 2947 567 3000 in
583 2946 719 3015 jemandes
732 2947 846 3001 Hdnden
860 2947 949 3002 aetn“.
969 2975 1002 2985 -
1021 2949 1079 3002 Den
1092 2948 1143 3002 mit
1156 2948 1216 3017 a'pse
1228 2947 1409 3016 begInncnden
1423 2945 1486 3002 Satn

259 3035 338 3090 ordno
358 3031 441 3089 durch
455 3035 621 3102 „wtihrond“
636 3038 728 3090 untor!
749 3067 783 3076 —
801 3051 888 3105 nequo
968 3042 1021 3090 aut
1098 3037 1163 3106 arat]
1182 3061 1217 3082 =
1235 3043 1263 3091 et
1341 3051 1487 3104 acquam
1577 3029 1578 3086 t

257 3140 352 3194 aeque.
370 3153 406 3162 -
425 3129 476 3179 cat
493 3124 623 3193 Labieni]
642 3126 695 3192 vgl.
715 3142 748 3178 au
766 3127 798 3179 ta
814 3126 857 3179 M.
878 3124 972 3180 &assi
989 3125 1057 3196 Kap.
1075 3127 1119 3192 21,
1137 3127 1164 3180 4.

331 3223 355 3266 r.
376 3210 535 3281 Carsidius]
560 3213 671 3282 bcginnt
695 3213 745 3267 den
768 3213 928 3285 Hauptsatz.
957 3243 990 3252 —
1019 3230 1088 3283 equo
1116 3214 1238 3270 adonim
1328 3213 1486 3280 ammeca]
1576 3281 1577 3284 Ἴ

259 3299 505 3371 „herangssprengt
522 3300 673 3355 kommen“.
693 3331 726 3340 -
746 3319 824 3371 quem
903 3303 1035 3371 voluerit]
1054 3309 1172 3360 aruntem
1185 3303 1317 3374 osoropura‘
1334 3305 1396 3359 volo
1414 3302 1488 3370 (oder

258 3389 309 3458 cis,
327 3389 388 3443 cult
400 3389 462 3455 stc.)
476 3413 511 3433 =
526 3389 594 3456 „der
607 3390 678 3458 Berg
691 3391 759 3444 soll
772 3391 875 3446 bcsetzt
888 3391 1021 3447 werden“.
1035 3421 1071 3432 -·
1088 3393 1226 3462 tassimata]
1242 3391 1441 3460 „Abaoichon“.
1453 3423 1487 3432 -
1576 3383 1577 3386 ¹

258 3493 415 3546 ooqaoscere
433 3476 464 3543 a]
483 3480 553 3531 statt
570 3478 617 3532 des
635 3478 830 3546 gawbhnlichen
848 3497 882 3535 era
901 3482 986 3548 „an“.

332 3577 355 3619 a.
380 3570 414 3619 at
438 3569 500 3619 erat
524 3566 549 3620 ei
569 3573 766 3636 praeceptam,
789 3585 824 3623 ae
842 3610 849 3623 .
866 3611 873 3624 .
890 3611 896 3623 .
916 3571 1104 3639 committeret]
1130 3571 1251 3640 „gambis
1274 3573 1321 3627 der
1337 3572 1489 3629 Vorschritt

258 3653 353 3710 Ctsars
371 3654 447 3708 nicht
460 3671 493 3708 nu
507 3695 513 3709 .
525 3696 531 3708 .
543 3655 576 3710 .“.
599 3683 630 3693 -
648 3656 749 3726 ipsius]
768 3657 900 3712 Wesssn?
918 3689 955 3698 -
972 3660 1047 3715 oa'soe
1065 3661 1162 3728 essent]
1182 3661 1327 3716 wbIIIcLes
1341 3661 1442 3717 Passis.
1453 3693 1488 3703 —

257 3748 348 3798 monte
366 3741 512 3812 scarpato]
535 3744 596 3800 Anl.
614 3745 643 3800 L.
672 3775 705 3786 -
734 3752 842 3802 nostros
861 3748 1047 3818 suspectabat]
1074 3751 1206 3816 ‚,wartoto
1223 3749 1324 3817 (hintsr
1340 3750 1488 3808 Labienus

258 3832 466 3900 einzuschieban)
485 3833 533 3887 auf
548 3834 589 3888 die
606 3835 729 3890 Ankrmft
747 3835 794 3890 dor
811 3836 972 3905 Unsrigen“.

331 3934 380 3974 sn.
393 3934 415 3976 s.
430 3923 517 3978 mubo
531 3923 587 3990 dic]
602 3924 672 3979 hier:
687 3928 773 3996 „spat
786 3943 828 3980 am
842 3927 943 3995 Tago“.
958 3957 992 3966 —
1006 3933 1100 3982 eosdm
1109 3928 1224 3995 mouere]
1239 3945 1260 3982 s.
1274 3928 1341 3999 Kap.
1357 3931 1401 3997 15,
1416 3931 1442 3985 1.
1453 3961 1488 3971 —

258 4009 342 4081 qaod]
362 4011 430 4076 (non
447 4011 570 4078 omisca)
593 4013 631 4066 ist
648 4013 807 4069 Relativum.
827 4044 861 4053 -
884 4031 940 4082 pro
957 4015 1027 4083 cr'so]
1053 4016 1116 4083 „als
1133 4017 1280 4084 goaeben“.
1300 4045 1334 4056 -
1358 4017 1414 4088 (ec)
1431 4037 1487 4089 paco

258 4106 406 4155 macras
424 4101 524 4170 (sequi)
543 4101 700 4170 intervallo]
720 4103 779 4169 „im
796 4103 992 4171 gewbhnlichsn
1010 4103 1176 4159 Abstande“.
1469 4097 1472 4102 ¹

329 4187 408 4257 Kap.
426 4187 476 4244 23.
518 4202 527 4242 1
550 4207 573 4241 u.
594 4201 617 4244 a.
636 4190 690 4244 Vor
708 4190 826 4245 biduum
844 4192 947 4246 achiobe
964 4193 1059 4260 -„nur“
1078 4193 1134 4248 ain!
1154 4221 1188 4232 ·-
1207 4195 1280 4262 rum]
1300 4195 1363 4262 „bia
1383 4213 1416 4250 zu
1429 4198 1489 4252 dem

257 4276 342 4344 Tage,
368 4276 436 4332 wo“.
462 4306 496 4317 -
520 4283 548 4332 et
572 4277 645 4346 qood
724 4280 832 4347 aberat]
851 4279 963 4351 Subjekt
985 4282 1024 4336 ist
1048 4280 1136 4337 Ctsar.
1163 4312 1197 4321 -
1223 4283 1359 4353 copiosus]
1385 4287 1488 4353 „wohl-

257 4364 390 4421 habend“.
420 4392 454 4403 -
480 4381 524 4421 rea
545 4365 744 4436 frumentario]
769 4367 840 4436 „der
862 4368 1019 4425 Proviant“.
1045 4400 1078 4408 -
1103 4371 1341 4442 prospiciendum]
1366 4373 1486 4444 Ergtnzo
