3134 4922
567 372 665 428 Cemm.
683 373 731 442 ΙΠ,
750 390 772 428 a.
791 375 870 432 7-9.
1296 369 1334 434 8⁹

99 533 249 616 consilia)
282 533 394 599 eadem
424 533 462 598 de
494 552 590 599 eausa
620 534 770 599 Trebium
799 535 1080 617 Terrasidiumque
1109 534 1264 612 retinent,
1300 537 1334 600 et

98 640 250 704 eeleriter
273 641 380 705 missis
402 641 518 722 legatis
540 659 598 724 per
621 659 696 705 sues
718 641 877 725 prinsipes
899 642 984 706 inter
1007 660 1040 707 se
1065 642 1232 706 eoniurant
1252 640 1334 706 nihil

98 746 165 810 nisi
188 747 353 810 eommuui
376 747 506 812 consiliu
530 748 658 812 aeturus
682 747 881 830 eundemque
906 747 1007 812 omnis
1035 747 1182 812 fortunae
1212 748 1333 812 exitum
1395 821 1396 824 Ἴ
1449 747 1454 750 ’

97 871 172 917 esse
195 853 336 931 laturae,
360 849 563 936 reliquasque
587 853 732 919 eivitates
763 855 950 932 sollicitant,
980 856 1018 919 ut
1046 853 1080 918 in
1109 873 1148 919 ea
1175 854 1358 932 libertates

98 977 202 1042 quam
227 977 247 1023 a
268 959 441 1036 maioribus
466 961 668 1044 aeceperunt,
689 979 877 1044 permanere
901 979 998 1042 quam
1020 959 1238 1025 Romanorum
1268 979 1333 1025 ser-

100 1067 244 1130 vitutem
267 1065 406 1149 perferre
429 1067 570 1131 mallent.
618 1066 713 1132 Omni
737 1086 791 1132 era
813 1067 975 1132 maritima
998 1067 1143 1132 celeriter
1172 1067 1213 1132 ad
1240 1085 1358 1132 suams

97 1171 299 1236 sententiam
321 1173 475 1256 perducta
498 1192 700 1238 communem
721 1173 914 1256 legationem
945 1173 985 1238 ad
1007 1171 1158 1238 Publium
1181 1173 1333 1239 Crassum

96 1278 249 1358 mittunt,
273 1279 301 1342 si
323 1279 400 1343 velit
423 1298 496 1344 suos
519 1280 704 1363 reciperare,
727 1279 851 1345 absides
875 1280 935 1345 sibi
958 1279 1069 1344 remitt
1088 1281 1111 1344 t.

135 1407 139 1416 ·
193 1383 318 1464 Quibus
342 1385 380 1450 de
403 1387 498 1451 rebus
523 1385 641 1452 Caesar
664 1387 703 1451 ab
727 1385 841 1451 Crasse
865 1386 979 1451 eertier
1002 1383 1122 1465 faetus,
1152 1385 1236 1468 qued
1264 1385 1364 1468 ipset

96 1491 215 1556 aberat
237 1492 379 1573 longius,
407 1510 504 1557 naves
527 1493 656 1557 iuterim
678 1493 790 1574 leugas
814 1491 972 1557 aedifieari
994 1492 1028 1557 in
1058 1491 1188 1556 flumine
1211 1491 1332 1574 ligere,

97 1597 188 1680 quod
218 1597 326 1662 influit
355 1599 388 1662 in
412 1598 590 1677 Oceanum,
620 1599 757 1681 remiges
789 1617 826 1664 ex
854 1599 1015 1682 proviueia
1045 1598 1186 1675 institui,
1216 1599 1332 1662 nautas

96 1705 395 1786 gubernatoresque
419 1707 595 1789 comparari
617 1706 714 1770 iubet.
744 1703 804 1769 His
828 1706 922 1770 rebus
939 1707 1084 1771 eeleriter
1100 1704 1358 1770 administratisr

96 1811 186 1894 ipse,
217 1829 292 1876 eum
322 1811 462 1894 primum
491 1831 547 1896 per
577 1811 653 1876 anni
682 1814 809 1895 tempus
839 1812 959 1896 potuit,
991 1812 1031 1876 ad
1059 1811 1233 1878 exereitum
1259 1830 1333 1876 eeu·

95 1916 216 1982 tendit.
271 1915 389 1983 Veneti
417 1918 623 2001 reliquaeque
654 1919 732 1984 item
762 1918 908 1984 divitates
939 1919 1064 2001 unguite
1095 1917 1241 1985 Caesaris
1277 1917 1357 1982 ad-e

96 2025 210 2101 ventu,
227 2023 325 2088 simul
340 2024 435 2105 qued,
452 2026 609 2106 quantum
624 2025 658 2088 in
674 2044 707 2090 se
724 2024 847 2090 ferinus
864 2025 1078 2102 admisissent,
1093 2023 1332 2106 intellegebant,

96 2129 243 2212 legates,
268 2129 352 2210 qued
375 2148 491 2194 nomen
520 2130 559 2194 ad
589 2149 698 2195 amnes
727 2127 871 2196 nationes
903 2133 1050 2196 sanetum
1080 2129 1332 2212 inviolatumque
1363 2140 1365 2146 ’

96 2255 229 2319 semper
251 2236 380 2314 fuisset,
403 2238 544 2302 retentes
568 2238 608 2301 ab
632 2255 665 2301 se
689 2239 722 2302 et
744 2237 778 2300 iu
800 2237 904 2302 vinela
927 2237 1101 2315 uenientes,
1130 2255 1187 2319 pro
1210 2237 1333 2319 magni·

96 2342 213 2407 tudine
237 2343 371 2426 perieuli
393 2343 514 2407 bellum
537 2361 649 2425 parare
665 2345 697 2408 et
712 2345 848 2408 maxime
866 2363 912 2423 ea,
937 2363 1018 2426 quae
1035 2343 1076 2408 ad
1090 2362 1187 2408 usum
1200 2343 1333 2408 navium

96 2449 273 2533 pertinent,
296 2449 461 2533 providere
484 2450 670 2528 instituunt,
692 2450 752 2516 hoe
774 2451 893 2516 maiore
917 2459 981 2533 spa,
1005 2449 1090 2532 qued
1111 2449 1253 2514 multum
1275 2467 1332 2514 na-

94 2698 252 2768 prr'ner‘qaee]
268 2695 290 2764 Ι,
301 2699 344 2764 16,
354 2699 379 2754 5.
395 2726 429 2739 -
447 2697 521 2752 nibil
533 2695 601 2766 ntae]
615 2697 690 2766 giebt
704 2714 867 2751 zusammen:
882 2697 969 2764 „alles
976 2697 1005 2764 “3
1020 2696 1067 2750 das
1082 2695 1155 2765 sabj.
1169 2711 1197 2752 ee
1210 2696 1285 2752 fehlt.
1297 2726 1331 2735 -

96 2785 262 2858 coniurare]
280 2785 316 2854 11,
336 2788 361 2854 1,
382 2788 405 2842 1.
431 2815 464 2826 -
489 2785 605 2842 maden
623 2786 711 2841 annis
729 2785 859 2852 fortunae
877 2786 981 2840 eattnrn
998 2785 1127 2852 ferarum]
1152 2785 1221 2852 „wir
1238 2785 1333 2840 woden

2 2901 6 2923 r
98 2893 292 2930 zusammen
307 2875 368 2944 jede
385 2873 526 2942 Weudung
544 2874 589 2928 des
609 2871 750 2929 Gesehieks
768 2873 921 2942 astuagen“.
947 2902 982 2912 -
1006 2871 1140 2943 κοίρανε]
1165 2874 1331 2941 „ererben“;

98 2963 169 3018 nauh
186 2963 248 3018 Anu
267 2963 298 3018 B.
318 2990 352 3000 —
368 2979 530 3033 permanere
547 2961 590 3031 in]
610 2961 775 3029 „lesthelten
794 2963 857 3016 au“.

174 3065 199 3108 e.
223 3051 376 3120 perducere
403 3051 451 3119 ad]
481 3051 639 3122 „gewiuneu
665 3051 738 3105 fiir“.
767 3079 801 3090 -
829 3066 894 3106 snas
920 3047 1084 3118 reciperare]
1117 3049 1181 3118 „die
1209 3049 1331 3119 Seiuigeu

99 3141 349 3196 wiedererhalteu“.

173 3227 252 3298 Kale.
271 3229 301 3288 9.
343 3241 364 3284 1.
389 3245 474 3284 naves
492 3228 600 3298 naga]
625 3228 727 3284 heilsen
744 3229 787 3283 die
805 3227 1045 3300 Kriegssehid‘eim
1063 3225 1211 3295 Gegensate
1230 3244 1262 3281 uu
1280 3226 1331 3282 den

98 3319 127 3372 iu
146 3319 195 3372 der
212 3318 295 3386 Regel
312 3317 439 3372 kiirzereu
456 3317 638 3372 Iastsehiffen.
665 3347 698 3356 -
722 3318 838 3388 remiges
855 3317 1012 3385 instituere]
1038 3315 1261 3386 „Ruderlmechte
1279 3317 1332 3372 eiu·

97 3407 229 3462 stellen“.
243 3437 283 3465 ,-
300 3412 405 3461 nantas
423 3407 594 3474 eonrparare]
615 3405 772 3474 „Matreseu
790 3406 957 3462 auwerben“.

174 3507 198 3550 ².
218 3495 431 3563 admbristrare]
449 3494 483 3562 11,
499 3495 542 3562 20,
556 3494 581 3549 4.
601 3523 635 3534 —
654 3512 716 3551 earn
731 3494 862 3564 pnmnm]
879 3495 916 3562 H,
930 3495 956 3563 2,
971 3495 996 3550 2.
1016 3523 1049 3534 -
1068 3509 1119 3564 per
1138 3494 1209 3548 anni
1228 3499 1333 3565 tempas

94 3584 223 3654 meram]
243 3584 306 3651 „die
323 3583 472 3638 Juhreszeit
489 3583 594 3638 erlaubt
612 3601 640 3638 es
658 3584 738 3638 mir“.

175 3687 199 3729 a.
222 3673 387 3728 Veneti...
407 3672 482 3742 qnod
503 3673 629 3740 (,‚weil“)
652 3672 845 3742 intellegebant
867 3671 939 3739 (Aul.
958 3671 993 3737 V)
1011 3711 1018 3726 .
1034 3712 1040 3727 .
1055 3711 1077 3740 .,
1102 3671 1272 3738 instituerent]
1294 3671 1332 3725 ist

97 3763 148 3817 due
167 3760 282 3832 Gerippe
307 3761 353 3816 des
376 3761 474 3816 Setaea.
501 3789 533 3798 -
558 3760 674 3828 sardens
697 3762 730 3816 r'n
753 3777 781 3816 se
805 3760 958 3828 admittere]
985 3760 1062 3828 „siah
1085 3760 1142 3814 eiue
1160 3759 1265 3814 Uuthat
1289 3776 1332 3812 zu·

99 3851 229 3906 sehuldeu
245 3851 368 3905 kommeu
384 3849 508 3916 laseeu“;
527 3849 608 3904 wudu
621 3850 692 3905 diese
710 3849 825 3928 besteht‚
843 3850 918 3918 giebt
935 3850 977 3904 die
992 3849 1152 3904 Parenthese
1171 3849 1274 3918 beatos
1288 3889 1294 3902 .
1306 3889 1330 3904 ..

97 3941 235 3998 nonnata
249 3956 292 3994 au.
312 3967 347 3978 -
365 3938 440 4008 qnod
456 3938 566 4006 nornen]
587 3964 619 3982 =
633 3955 751 4008 qnarrnn
764 3953 862 3992 nomm
874 3937 1015 4006 („Amt“);
1034 3938 1087 4007 vgl.
1101 3953 1155 4008 qne
1172 3937 1203 3992 in
1217 3951 1332 3992 numere

99 4029 166 4100 Kap.
187 4030 213 4097 7,
231 4029 258 4082 4.
283 4055 319 4066 -
344 4027 508 4084 irwielnnrn
525 4027 596 4095 fnit]
622 4043 672 4095 „es
694 4027 743 4080 hat
760 4027 803 4080 fiir
820 4027 1007 4082 unverletrlieh
1029 4027 1183 4095 gegolteu“.
1209 4053 1242 4065 -
1264 4024 1331 4096 pro]

99 4115 346 4189 ,‚eutsprerlreud‘¹.
371 4143 406 4156 -
430 4116 530 4172 bellam
543 4115 662 4186 parare]
687 4115 784 4184 „sich
802 4131 860 4170 zum
878 4115 975 4184 Kriege
992 4117 1114 4170 restant
1138 4143 1173 4156 -
1198 4131 1269 4185 qnae
1293 4109 1333 4170 ad

97 4223 180 4262 ersmn
197 4205 319 4260 mairam
332 4205 488 4274 pertnent]
505 4203 564 4258 hier
582 4204 650 4272 „der
666 4203 883 4258 Schiffsbedarl“.
908 4233 941 4244 -
961 4203 1109 4272 madere
1127 4203 1249 4272 aliquid]
1269 4203 1333 4272 „fiir

97 4299 179 4351 etwas
198 4294 283 4364 Serge
302 4293 427 4362 urgere
448 4320 479 4332 -
499 4292 657 4360 destituere]
675 4293 726 4347 mit
743 4291 793 4348 lui.
813 4291 977 4361 „dustalten
996 4292 1098 4360 breden,
1116 4292 1277 4362 begiuueu“.
1296 4321 1333 4330 -

95 4383 158 4454 boe]
176 4385 198 4453 I,
218 4383 245 4452 2,
266 4383 294 4438 3.
314 4407 349 4420 -
366 4380 435 4452 spes]
456 4381 660 4449 „Zuversieht“.
679 4410 713 4420 -
730 4386 838 4438 nanae
856 4379 920 4450 loni]
938 4381 960 4450 I,
978 4381 1023 4450 38,
1041 4381 1066 4436 4.
1315 4385 1316 4392 ’
