3136 4928
272 389 328 451 800
766 394 807 448 De
824 394 892 448 bello
912 392 1011 449 Gallioo

247 553 425 636 aoppidum
447 554 639 636 irrumpunt.
686 554 926 638 Vercingetorix
947 554 1038 619 iubet
1059 558 1168 637 portas
1192 557 1309 635 alandi,
1333 576 1374 621 ne
1396 559 1483 622 eastra

273 661 443 725 nudentur.
489 659 601 725 Multis
631 661 822 739 interfectis,
852 661 1066 744 eompluribus
1097 663 1188 744 equis
1216 665 1322 747 baptis
1351 663 1483 730 Germani

274 785 343 832 sese
367 767 532 850 resipiant.

221 879 258 939 71
362 874 610 956 Vercingetorix,
632 874 821 956 priusquam
844 874 1036 938 munitiones
1060 875 1100 939 ab
1114 876 1268 942 Romanis
1283 877 1483 960 perfieiantur,

248 982 441 1046 aeonsilium
465 981 557 1064 capit,
581 1000 708 1046 omnem
731 982 771 1045 ab
795 999 828 1045 se
853 982 1033 1063 equitatum
1057 985 1155 1046 nootu
1178 983 1351 1048 dimittere.
1389 984 1483 1048 Disae-

273 1089 421 1174 dentibus
438 1089 579 1166 mandat‚
602 1090 640 1151 ut
663 1107 755 1152 suam
779 1088 913 1170 quisque
937 1107 1048 1152 eorum
1072 1089 1234 1154 civitatem
1258 1091 1354 1155 adeat
1378 1109 1484 1154 omnes-

248 1215 344 1278 sque,
368 1196 423 1278 qui
444 1214 501 1278 per
525 1197 664 1260 aetatem
688 1213 777 1259 arma
800 1193 882 1260 ferre
905 1196 1037 1277 possint,
1061 1195 1102 1259 ad
1125 1197 1244 1261 bellum
1261 1199 1387 1280 cogant.
1431 1196 1483 1261 Sua

271 1304 304 1366 in
327 1304 399 1367 illos
422 1303 538 1367 merita
561 1303 708 1385 proponit
739 1302 996 1384 obtestaturque,
1028 1304 1066 1365 ut
1095 1321 1172 1368 suae
1203 1303 1318 1368 salutis
1341 1304 1483 1368 rationem

271 1409 410 1474 habeant
438 1428 501 1474 neu
531 1427 565 1474 se
595 1409 713 1492 optime
743 1409 782 1472 de
812 1409 973 1474 communi
1001 1409 1149 1474 libertate
1179 1411 1332 1476 meritum
1355 1412 1483 1476 hostibus

270 1517 304 1580 in
327 1517 504 1580 oruoiatum
527 1514 654 1580 dedant.
700 1511 792 1594 Quod
816 1516 843 1579 si
866 1515 1116 1597 indiligentiores
1139 1516 1268 1595 fuerint,
1290 1519 1381 1582 milia
1395 1517 1482 1582 homi·

245 1641 349 1688 auum
373 1623 496 1688 deleota
518 1622 680 1704 ootoginta
702 1640 767 1686 una
791 1639 901 1686 seeum
923 1623 1093 1686 interitura
1109 1623 1318 1688 demonstrat.
1363 1625 1482 1689 Ratione

270 1731 350 1795 inita
385 1731 495 1813 exigue
531 1729 654 1794 dierum
690 1747 724 1793 se
757 1729 874 1793 habere
905 1729 1038 1810 triginta
1068 1729 1281 1808 frumentum,
1318 1731 1373 1796 sed
1402 1731 1482 1814 paulo

246 1837 369 1902 setiam
391 1838 517 1920 longius
540 1835 670 1900 tolerari
692 1853 784 1918 posse
813 1835 979 1918 parcendo.
1024 1835 1083 1900 His
1114 1836 1197 1901 datis
1227 1838 1403 1916 mandatis,
1431 1855 1481 1919 qua

270 1944 416 2008 nostrum
440 1955 517 2026 opus
542 1944 611 2006 erat
633 1942 860 2019 intermissum,
885 1942 1024 2006 seeunda
1045 1943 1154 2025 vigilia
1175 1944 1299 2008 silentio
1318 1946 1481 2027 equitatum

247 2049 380 2114 emittit.
425 2049 636 2114 Frumentum
660 2068 752 2113 omne
777 2049 817 2114 ad
841 2067 874 2113 se
898 2048 1009 2114 referri
1031 2049 1137 2125 iubet;
1162 2051 1274 2132 eapitis
1297 2070 1429 2134 poenam
1442 2051 1480 2125 iis,

246 2157 326 2237 aqui
349 2175 412 2220 non
435 2157 615 2239 paruerint,
638 2157 820 2231 eonstituit;
849 2174 962 2238 peous,
992 2155 1082 2220 ouius
1105 2175 1224 2238 magna
1253 2160 1325 2221 erat
1347 2159 1430 2242 eopia
1449 2157 1480 2220 ab

270 2261 452 2328 Mandubiis
475 2265 647 2347 pompales,
671 2263 790 2328 viritim
813 2263 992 2337 distribuit3
1023 2263 1222 2328 frumentum
1244 2283 1341 2347 parea
1364 2269 1395 2329 et
1415 2283 1482 2347 pau·

245 2370 361 2435 slatim
390 2371 497 2435 metiri
524 2371 673 2435 inst'tuit.
720 2368 833 2453 Copias
864 2387 989 2447 omnes,
1025 2389 1105 2451 quas
1134 2389 1191 2453 pro
1221 2371 1335 2454 oppido
1365 2372 1481 2437 eodooa·

246 2479 372 2553 averet,
406 2478 438 2541 in
475 2477 625 2561 oppidum
659 2477 786 2559 reoepit.
831 2475 891 2540 His
925 2476 1102 2541 rationibus
1138 2477 1254 2540 auxilia
1286 2477 1408 2542 Galliae
1438 2495 1480 2540 er·

271 2586 415 2667 spectare
439 2584 614 2648 othelium
636 2584 730 2665 parat
754 2582 984 2652 administrare.

216 2689 258 2750 72
360 2689 481 2770 Quibus
512 2691 607 2754 rebus
638 2689 772 2770 oognitis
803 2708 841 2753 ex
869 2688 1009 2772 perfugis
1041 2691 1073 2754 et
1102 2689 1235 2772 captivis
1266 2690 1384 2756 Caesar
1414 2691 1480 2754 haer

270 2817 386 2880 genera
408 2797 594 2861 munitionis
617 2796 767 2860 instituit.
812 2797 944 2861 Fossam
974 2796 1092 2880 pedum
1122 2797 1234 2878 viginti
1257 2796 1394 2862 dereotis
1415 2799 1481 2861 late·

341 3005 364 3046 a.
385 2997 485 3061 portos
509 2989 617 3059 alauda]
644 2990 751 3044 Welehe
775 2990 859 3044 There
884 2991 1000 3058 gemeint
1027 2990 1100 3058 sind,
1128 2990 1198 3060 zeigt
1224 2991 1271 3045 der
1298 2992 1415 3061 folgende
1435 2990 1479 3044 Ab

269 3081 417 3135 aiehtssatz.
443 3109 476 3118 -
501 3079 658 3147 audeatur]
680 3079 795 3132 naimlieh
817 3097 867 3132 von
889 3079 1079 3148 Verteidigern.
1104 3109 1138 3118 --
1161 3081 1322 3148 complures]
1348 3079 1479 3150 Gegensatz

268 3187 300 3223 au
316 3185 412 3239 pauca.

340 3258 417 3325 Kap.
433 3260 477 3312 71.
511 3269 561 3311 ru.
578 3269 601 3311 2.
620 3258 798 3326 manationes]
818 3257 856 3311 oft
875 3257 1017 3325 ‚,Linien“.
1045 3258 1100 3312 Das
1120 3258 1208 3311 hisrau
1221 3258 1312 3326 ndtige
1326 3257 1480 3327 Adjelrtirum

267 3347 394 3399 entnimm
408 3363 455 3400 aas
469 3365 488 3400 a
500 3346 651 3402 amana!
669 3375 703 3385 —
721 3347 801 3400 adare
815 3346 914 3413 boam]
934 3346 1013 3414 „sioh
1027 3346 1112 3399 wohin
1126 3347 1272 3414 begeben“.
1293 3377 1327 3386 —
1346 3363 1430 3402 omnes
1443 3387 1448 3399 .
1459 3385 1479 3398 ..

267 3435 379 3504 ceperat]
397 3434 472 3489 Vero.
492 3434 669 3502 beabsiohtigt
687 3435 742 3488 also
761 3433 953 3503 ein'Aufgebot
971 3435 1038 3489 aller
1054 3435 1251 3503 waffeniahigsn
1269 3435 1464 3489 Altarshlasseu.

341 3535 365 3577 a.
387 3524 473 3592 ratio]
501 3525 527 3590 1)
544 3523 717 3592 Bereohnung
740 3524 888 3591 (rationem
910 3524 983 3578 inae
1008 3523 1087 3592 „eine
1104 3524 1135 3578 B.
1155 3525 1332 3590 anstellsn“);
1357 3525 1385 3589 2)
1406 3522 1479 3576 aad·

265 3612 338 3666 sioht
355 3613 501 3680 (ratiborem
519 3613 618 3667 babere
635 3613 677 3666 rei
696 3613 862 3681 „Riiehsieht
880 3613 990 3667 nahmen
1009 3613 1056 3666 aui
1071 3615 1159 3679 etwas,
1178 3630 1206 3666 es
1220 3613 1257 3666 im
1271 3612 1348 3682 Auge
1361 3612 1479 3673 behalten

268 3701 368 3755 denken
386 3701 475 3768 auf“);
501 3702 529 3767 3)
546 3701 702 3770 Maisregel,
720 3701 839 3756 Anstalt.
865 3731 899 3740 —
924 3703 1047 3757 hostibus
1071 3702 1103 3756 ia
1128 3701 1295 3770 mactatum]
1320 3706 1388 3756 etwa
1411 3699 1479 3768 „dem

266 3790 424 3844 Henherbeil
442 3789 488 3843 des
506 3789 647 3844 Feindes“.

339 3891 363 3933 4,
383 3878 489 3948 eoique]
509 3878 545 3932 Er
558 3880 640 3934 denht
652 3879 721 3934 wohl
738 3897 772 3943 an
787 3880 829 3933 die
842 3881 961 3950 hnappen
975 3881 1114 3948 Rationem,
1133 3880 1180 3933 wie
1194 3879 1310 3934 naohher
1323 3881 1366 3934 bei
1380 3874 1480 3935 tolerari

265 3985 300 4023 an
319 3969 368 4022 den
386 3967 511 4036 Hunger,
530 3969 577 4021 der
595 3968 766 4037 ausgehalten
784 3968 887 4022 werden
904 3969 982 4023 musa.
1008 3997 1042 4008 —
1067 3969 1187 4040 lespiam]
1212 3969 1260 4022 wie
1277 3968 1346 4039 Ksp.
1366 3971 1394 4036 9,
1411 3969 1434 4022 2.
1451 3993 1478 4003 -

262 4055 418 4127 parcendo]
433 4056 543 4110 vertritt
555 4057 598 4110 eiu
612 4056 750 4110 deutschen
766 4056 928 4110 Substantia.
946 4057 1120 4126 parsimonia
1135 4058 1232 4111 hdnnte
1245 4057 1304 4111 hier
1317 4058 1393 4112 nieht
1405 4055 1478 4110 stehn

339 4157 416 4199 a-e.
436 4146 503 4215 quo]
521 4145 658 4199 riumlioh.
678 4175 712 4184 -
730 4145 845 4214 referre]
871 4146 1047 4213 ‚,abiiefsrn“.
1073 4175 1107 4186 -
1132 4147 1187 4214 iis,
1202 4146 1251 4215 qai
1329 4139 1478 4216 pumat]

263 4233 325 4291 Anl.
335 4234 369 4289 A.
384 4263 418 4274 -
432 4234 566 4304 recipere]
581 4235 840 4301 ,‚auriioknehmen“.
855 4263 888 4273 -
900 4235 1000 4304 porat]
1016 4251 1061 4301 „er
1075 4237 1145 4288 setat
1159 4234 1215 4288 sieh
1227 4234 1255 4288 in
1270 4234 1321 4288 den
1334 4234 1442 4288 Stand⁴‘.
1452 4258 1479 4269 -

264 4323 474 4392 administrare]
493 4324 530 4378 Er
547 4324 621 4393 giebt
639 4323 695 4376 also
713 4323 764 4376 den
781 4322 879 4394 Kampf
894 4323 969 4377 nieht
987 4325 1038 4392 auf,
1058 4323 1170 4377 sondem
1187 4323 1263 4376 iiihrt
1279 4323 1328 4377 ihn
1346 4325 1439 4378 weitor.

335 4413 414 4482 Kap.
435 4412 483 4469 72.
525 4425 546 4467 1.
573 4411 708 4480 denatae]
732 4411 858 4466 bedeutet
881 4411 949 4466 blois
976 4413 1122 4481 ,‚gerade“,
1146 4412 1222 4466 nieht
1248 4413 1435 4480 „senhreeht“.
1451 4435 1480 4446 -
