3086 4920
256 337 307 398 180
742 338 781 390 De
800 337 868 392 bollo
887 336 987 392 Gallico

255 500 451 583 paucitatem
475 499 676 564 defensorum
699 500 895 581 pervenerat
918 500 1008 562 tanto
1033 499 1204 564 crebriores
1220 499 1345 562 litterae
1360 498 1466 562 nuntii·

257 625 317 688 que
342 606 383 670 ad
406 605 576 670 Caesarem
599 605 825 680 mittebantrr;
850 624 985 686 quorum
1015 623 1089 688 pars
1119 605 1316 688 deprehensa
1343 605 1376 670 in
1404 623 1466 669 con·

230 715 367 796 aspectu
396 714 579 776 nostrorum
607 712 746 776 militum
776 730 849 776 cum
879 711 1022 776 cruciatu
1052 714 1235 776 necabatur.
1288 713 1367 776 llrat
1394 730 1465 776 uuus

254 820 342 884 intus
366 819 512 895 Nervius,
535 819 661 882 nomine
685 817 823 896 Vertico‚
846 819 913 883 loco
941 820 1038 882 natus
1067 818 1215 896 honesto,
1245 819 1300 900 qui
1331 837 1349 882 a
1377 817 1467 900 prima

255 925 416 990 obsidione
440 925 481 989 ad
505 924 689 990 Ciceronem
711 924 896 1007 perfugerat
919 942 1073 1007 suamque
1097 925 1126 989 ei
1148 925 1243 989 fidem
1267 925 1467 1008 praestiterat.

229 1032 315 1096 oHic
338 1050 428 1096 servo
452 1050 507 1114 spe
530 1031 687 1096 libertatis
710 1032 899 1112 magnisque
922 1031 1094 1114 persuadet
1113 1032 1272 1114 praemiis,
1295 1034 1334 1095 ut
1355 1031 1467 1095 litteras

228 1139 293 1202 rad
318 1137 488 1202 Caesarem
513 1136 644 1201 deferat.
689 1136 756 1200 Has
780 1137 833 1201 ille
856 1136 889 1200 in
911 1136 1014 1201 iaculo
1037 1137 1186 1218 inligatas
1210 1136 1303 1201 effert
1318 1140 1350 1202 et
1367 1137 1466 1202 Gallus

254 1245 337 1308 inter
361 1243 470 1308 Gallos
494 1243 562 1307 sine
584 1243 652 1308 ulla
675 1243 852 1326 suspicione
876 1246 1028 1314 ,versatus
1059 1243 1099 1307 ad
1129 1243 1299 1308 Caesarem
1329 1244 1467 1326 pervenit

229 1351 302 1416 sAb
326 1369 361 1414 co
385 1349 423 1414 de
447 1349 595 1433 periculis
619 1348 777 1414 Ciceronis
801 1348 996 1431 legionisque
1021 1350 1229 1431 cognoscitur.

201 1463 244 1524 ro
344 1456 461 1520 Caesar·
491 1457 628 1538 acceptis
663 1456 780 1520 litteris
817 1455 895 1520 hora
925 1457 1049 1520 circiter
1079 1457 1248 1521 undecima
1277 1457 1340 1522 diei
1370 1457 1469 1522 statim

253 1563 404 1627 nuntium
426 1564 458 1626 in
483 1563 667 1627 Bellovacos
692 1563 732 1626 ad
755 1563 799 1626 Μ.
828 1562 981 1627 Crassum
1011 1565 1213 1644 quaestorem
1242 1565 1360 1641 mitt’t‚
1391 1563 1469 1628 cuius

229 1670 386 1734 rhiberna
409 1671 542 1735 aberant
566 1671 605 1734 ab
630 1687 665 1734 eo
694 1670 783 1733 milia
812 1688 967 1752 passuum
996 1668 1104 1744 XXV;
1134 1669 1223 1734 iubet
1252 1671 1360 1735 media
1388 1672 1469 1734 nocte

252 1776 410 1858 legionem
432 1775 587 1859 proficisci
621 1776 828 1858 celeriterque
857 1775 897 1840 ad
929 1795 961 1840 sc
992 1776 1107 1840 venire.
1159 1777 1232 1841 Erit
1264 1797 1339 1842 cum
1367 1777 1469 1841 nuntio

228 1882 398 1948 adrassus.
444 1883 591 1947 Alterum
615 1883 655 1946 ad
679 1882 796 1947 Gaium
818 1883 953 1946 Fabium
976 1884 1119 1965 legatum
1142 1884 1251 1961 mitti,
1275 1886 1313 1947 ut
1336 1885 1369 1947 in
1389 1885 1470 1946 Atre

227 1989 365 2053 ebatum
388 1989 468 2054 fines
491 1989 648 2070 legionem
672 1988 819 2067 adducat,
844 2008 908 2071 qua
924 1989 983 2054 sibi
998 1990 1060 2054 iter
1075 1989 1257 2057 faciendum
1274 1991 1325 2056 sit.
1365 1989 1470 2054 Scribit

252 2094 403 2173 Labieno,
436 2097 463 2159 si
493 2095 683 2178 reipublicae
714 2095 877 2160 commodo
905 2095 1008 2160 facere
1039 2097 1153 2179 possit,
1183 2115 1257 2161 cum
1287 2097 1409 2179 legione
1437 2095 1470 2158 ad

252 2201 331 2266 fines
355 2202 544 2266 Nerviorum
568 2202 682 2266 veniat.
728 2202 898 2283 Reliquam
921 2204 1046 2284 partem
1075 2203 1244 2280 exereitus,
1277 2203 1361 2284 quod
1385 2202 1470 2286 paulo

253 2309 363 2372 aberat
386 2309 520 2390 longius,
544 2326 607 2372 non
630 2309 724 2391 putat
744 2308 1004 2392 exspectandam
1028 2310 1152 2391 equites
1177 2309 1303 2374 circiter
1331 2310 1471 2392 quadrin-

253 2417 365 2496 gentos
390 2433 427 2478 ex
449 2415 599 2498 proximis
623 2415 764 2478 hibernis
789 2415 917 2496 colligit.

200 2527 240 2588 47
341 2521 428 2584 Hora
466 2522 590 2586 circiter
628 2521 724 2585 tertia
762 2522 802 2586 ab
837 2523 1093 2586 antecursoribus
1125 2522 1163 2586 de
1194 2522 1301 2587 Crassi
1341 2523 1471 2587 adventu

251 2751 290 2806 ad
308 2750 362 2818 ...]
382 2793 396 2817 ,,
404 2751 445 2804 die
463 2750 581 2819 Aulgabe
600 2767 653 2803 war
671 2750 848 2818 zugeiallen“.
878 2779 908 2787 -
933 2751 1078 2819 paucitas]
1107 2755 1208 2804 arsetae
1235 2752 1319 2806 durch
1347 2753 1395 2806 das
1422 2755 1472 2806 eut·

251 2839 410 2911 sprechende
427 2839 553 2908 Adjalrtiv
576 2838 629 2892 und
651 2840 786 2892 verstdrlre
811 2838 867 2892 dies
891 2838 973 2892 durch
992 2839 1101 2906 ‚‚nur“l
1131 2869 1164 2878 -
1193 2840 1353 2911 crebriores]
1380 2843 1472 2895 ersetra

251 2929 347 2983 durchs
365 2927 481 2982 Adverb!
502 2958 536 2965 —
559 2929 592 2982 iu
610 2927 766 2998 conspectu]
784 2927 830 2995 IV,
850 2928 892 2994 12,
911 2927 936 2981 2.
957 2957 990 2966 -
1011 2943 1072 2980 cum
1091 2928 1233 2996 mactata]
1251 2927 1312 2983 Aul.
1331 2930 1364 2984 Y.

323 3029 346 3071 a.
366 3017 451 3084 unus]
471 3016 527 3070 Von
546 3016 659 3070 anderen
677 3017 822 3084 gallischen
841 3015 975 3070 Sttmmen
993 3033 1079 3069 waren
1097 3017 1153 3070 also
1172 3017 1246 3070 mehr
1263 3007 1420 3072 Uhorliiufer
1436 3018 1472 3070 hei

250 3107 300 3160 den
314 3107 435 3159 Rbmem.
453 3133 484 3142 -
501 3106 558 3160 loco
571 3110 656 3159 actus
668 3104 791 3172 boemie]
809 3104 876 3174 Kap.
891 3105 934 3170 25,
949 3106 973 3158 1.
993 3134 1026 3156 -.-
1046 3123 1065 3158 a
1078 3105 1170 3172 priora
1183 3105 1337 3174 obsidione]
1357 3125 1377 3160 u
1396 3106 1470 3174 „scit

249 3195 336 3264 gleich
354 3195 458 3260 nach“;
481 3194 577 3263 prima
602 3192 707 3248 obsidio
735 3194 760 3258 1)
780 3192 843 3260 „die
861 3195 931 3246 arste
949 3193 1152 3260 Belcgerrmg“;
1178 3194 1206 3258 2)
1225 3193 1294 3261 „der
1311 3195 1414 3264 Baginu
1432 3195 1473 3247 der

249 3284 446 3351 Bolagerung“.
466 3311 500 3322 -
528 3299 607 3337 saum
625 3281 705 3348 fidem
723 3281 916 3348 praestiterat]
935 3281 971 3334 Er
988 3281 1065 3334 hatte
1083 3281 1154 3334 scine
1172 3281 1409 3351 Zurerlltseiglreit‚
1436 3283 1472 3334 dic

249 3374 328 3426 untcr
347 3371 397 3426 den
414 3371 596 3439 vorliegeuden
614 3370 779 3424 Umsttinden
798 3369 953 3424 awcifelhaft
972 3370 1027 3422 sein
1046 3369 1152 3437 konnte,
1170 3371 1301 3424 srwiesen.

323 3472 399 3514 a-s.
420 3459 526 3526 deferre
545 3461 596 3528 ud]
616 3460 764 3527 „besorgen
779 3458 842 3512 an“.
863 3489 896 3496 —
915 3457 1063 3528 inligatas]
1081 3457 1246 3512 Varnrutlich
1259 3477 1313 3513 war
1332 3460 1378 3514 der
1392 3459 1472 3512 Wurl·

250 3548 331 3620 epicla
354 3566 386 3602 an
412 3548 470 3602 dem
487 3548 574 3616 Eudo,
602 3565 640 3603 wo
660 3548 701 3602 die
725 3549 825 3602 ciserno
843 3547 931 3618 Spitae
949 3548 1076 3616 belestigt
1094 3548 1196 3615 warde,
1224 3550 1306 3602 etuas
1325 3549 1403 3602 tiefer
1420 3563 1473 3601 aus·

248 3637 366 3708 gehdhlt.
386 3667 420 3675 —
449 3637 554 3704 efferre]
574 3636 789 3704 „mitnehmen“.
808 3666 844 3674 -
868 3635 984 3704 uersari]
1004 3637 1082 3704 „sich
1100 3637 1229 3704 beregen,
1249 3637 1471 3691 1111111111ιῖ-

246 3727 402 3798 peruenire]
422 3743 442 3780 s.
462 3725 611 3794 perducere
629 3726 696 3796 Kap.
716 3727 759 3792 23,
780 3728 804 3780 6.
824 3755 857 3763 -
878 3725 911 3779 de
926 3726 1062 3795 perieulis
1080 3725 1264 3795 cognoscitur]
1283 3724 1350 3796 Kap.
1369 3727 1397 3794 3,
1415 3726 1440 3779 3.

320 3815 400 3883 Kap.
419 3815 469 3870 lo.
509 3824 585 3868 1-1.
606 3831 668 3870 cum
685 3814 798 3883 auctio]
819 3813 991 3882 Gleichzeitig
1009 3814 1059 3868 mit
1077 3814 1248 3890 111111Β111111,
1268 3814 1378 3868 welcher
1397 3814 1473 3868 Casar

248 3903 350 3958 melden
371 3903 435 3970 soll,
461 3903 572 3958 Crassus
595 3903 679 3958 werde
698 3904 787 3958 cainan
805 3903 897 3957 Belchl
915 3903 1037 3970 erffillen,
1065 3903 1142 3956 riickt
1159 3903 1244 3956 dieser
1263 3902 1348 3956 solbet
1365 3919 1423 3956 aas.
1442 3931 1470 3938 —

248 3992 380 4059 alterum]
399 3991 461 4045 Was
481 4009 512 4046 zu
530 3999 657 4062 arganzon
675 3993 720 4059 ist,
739 3992 839 4046 ereieht
856 4009 917 4046 man
935 4009 983 4045 aus
1001 3993 1017 4062 ξ
1036 3993 1060 4048 1.
1080 4020 1114 4029 -
1132 3990 1200 4060 qua]
1220 4009 1241 4046 s.
1259 3990 1326 4062 Kap.
1346 3993 1372 4059 8,
1391 3993 1425 4058 3;
1448 4007 1472 4043 cs

246 4083 285 4136 ist
302 4098 416 4150 geuaucr
440 4081 480 4134 als
501 4097 554 4151 per
572 4097 646 4152 quoa,
671 4081 759 4134 iudem
777 4098 805 4134 es
824 4081 865 4134 die
884 4081 957 4134 Liuia
976 4081 1090 4149 angiebt,
1110 4081 1157 4133 auf
1172 4080 1219 4133 der
1236 4096 1265 4133 ar
1283 4079 1380 4134 durchs
1400 4079 1473 4134 Atre

247 4170 390 4224 hatenland
409 4170 498 4224 richen
516 4169 569 4223 will
588 4170 643 4224 und
661 4170 702 4223 die
720 4187 749 4223 ar
768 4170 826 4224 dem
843 4169 940 4224 Fabius
959 4169 1113 4223 bezeichnen
1131 4168 1205 4223 laist.
1225 4198 1260 4207 -—
1286 4169 1330 4223 rei
1344 4169 1473 4238 publicae

248 4250 396 4326 commodo]
414 4259 489 4329 ΑΜ,
510 4259 598 4326 „ohne
616 4258 739 4312 Nachteil
757 4258 799 4311 fiir
817 4258 867 4313 den
886 4258 992 4312 Staat“.

318 4348 396 4417 Kap.
416 4350 462 4406 47.
506 4362 513 4401 1
535 4365 559 4402 u.
581 4358 603 4400 a.
624 4347 858 4416 auteaoraom‘bus]
877 4347 969 4402 Solchs
987 4348 1153 4418 Vortruppeu
1173 4346 1276 4401 werdon
1294 4365 1346 4402 nur
1363 4347 1423 4402 hier
1440 4347 1473 4400 im
