3086 4920
188 527 232 590 57
332 521 420 586 Dum
442 521 522 587 haee
537 519 621 604 apud
637 518 809 586 Gaesarem
824 521 989 602 gerrmtur,
1011 518 1171 584 Labienus
1188 537 1225 584 eo
1242 520 1459 620 supplemento,

244 628 329 713 quod
351 647 452 711 nuper
476 646 514 692 ex
535 627 631 692 Italia
653 628 801 704 venerat,
828 626 938 692 relicto
960 626 1129 708 Agedinci,
1158 627 1196 690 ut
1227 628 1315 690 esset
1342 624 1460 708 impedi-
1523 621 1524 646 ¹

242 736 361 802 mentis
383 733 556 818 praesidio,
586 752 661 798 eum
690 735 842 815 quattuor
868 731 1045 815 legionibus
1067 732 1234 798 Lutetiam
1256 732 1461 816 profieisoitur.
1524 778 1525 840 q

243 842 282 907 Id
305 845 356 908 est
378 841 529 925 oppidum
552 840 762 917 Parisiorum,
792 838 876 922 qnod
904 839 1047 922 positum
1076 840 1182 905 estin
1204 839 1312 904 insula
1334 837 1460 902 fluminis

219 948 422 1031 esequsnue.
452 946 552 1014 Ouios
570 946 709 1012 aduentu
729 947 768 1011 ab
791 945 937 1012 hostibus
961 946 1086 1029 eognito
1109 963 1246 1028 magnae
1270 964 1309 1010 ex
1330 944 1461 1009 finitimis
1524 925 1525 944 ³

220 1055 428 1122 seivitatibus
453 1054 561 1138 copiae
584 1055 808 1119 oonrenerunt.
855 1052 990 1119 Summa
1012 1053 1138 1136 imperii
1160 1051 1303 1118 traditur
1326 1051 1462 1118 Cumulo

245 1180 326 1245 geno
349 1161 500 1238 briareo,
530 1160 585 1242 qui
613 1178 710 1244 prope
733 1158 896 1225 eonfeotus
920 1161 1025 1225 aetate
1048 1161 1159 1224 tamen
1182 1161 1314 1243 propter
1337 1158 1463 1241 singule

219 1287 314 1334 erem
337 1267 504 1332 seientiam
526 1267 573 1332 rei
595 1265 744 1332 militaris
768 1265 809 1330 ad
832 1283 906 1331 enm
930 1267 980 1330 est
995 1265 1147 1331 honorem
1163 1263 1324 1332 evooetus.
1354 1265 1387 1330 Is
1402 1283 1463 1330 oon
1525 1275 1526 1298 l

246 1373 526 1440 animadvertisset
547 1374 737 1457 perpetuam
760 1391 829 1438 esse
851 1371 1010 1457 paludem,
1035 1391 1117 1455 quae
1132 1371 1283 1438 influeret
1306 1373 1340 1436 in
1357 1372 1464 1454 Sequa

245 1499 322 1544 nam
346 1483 445 1563 atque
468 1481 561 1545 illum
583 1498 711 1544 omnem
733 1479 839 1544 looum
854 1497 1047 1562 magnopere
1062 1479 1241 1563 impediret,
1264 1480 1318 1545 hio
1335 1478 1464 1545 oonsedil

245 1588 436 1668 nostrosque
459 1586 599 1651 transitu
622 1585 788 1670 prohibere
810 1586 960 1651 instituit.

192 1696 237 1760 58
335 1693 495 1758 Labienus
518 1693 620 1777 primo
643 1693 752 1758 vinens
776 1711 887 1775 agere,
910 1693 1052 1758 oratibus
1076 1694 1174 1775 atque
1195 1711 1312 1775 aggere
1328 1692 1465 1777 paludem

221 1799 371 1883 aenplere
395 1801 492 1883 atqua
514 1799 577 1865 iter
598 1799 724 1864 munire
748 1800 931 1864 senabatur.
965 1799 1144 1882 Postquam
1166 1798 1199 1863 id
1221 1799 1383 1866 diffieilius
1405 1818 1465 1864 oon·

246 1905 316 1970 fiori
340 1906 581 1985 animadvertit,
604 1907 732 1972 silentio
756 1925 772 1971 e
796 1905 911 1988 eastris
934 1906 1031 1971 tertia
1053 1907 1162 1990 vigilia
1185 1925 1336 1988 egressus
1361 1906 1464 1981 eodem,
1527 1905 1528 1944 l

223 2029 310 2096 equo
340 2014 489 2090 venerat,
518 2013 632 2077 itinere
655 2011 867 2078 Metiosedum
896 2011 1050 2096 pervenit.
1094 2013 1133 2077 Id
1164 2014 1214 2078 est
1241 2013 1394 2096 oppidum
1419 2011 1466 2076 Se

246 2138 368 2184 nonum
402 2119 435 2183 in
469 2118 576 2183 insula
606 2117 774 2201 Sequanae
804 2119 959 2202 positum,
992 2120 1032 2183 ut
1053 2119 1149 2203 paulo
1180 2120 1256 2184 ante
1286 2120 1327 2184 de
1350 2119 1465 2183 Lutetia

221 2225 393 2290 ediximus.
449 2225 622 2308 Deprensis
659 2226 795 2291 navibus
833 2226 959 2291 oiroiter
996 2226 1230 2309 quinquaginta
1269 2227 1465 2307 eeleriterque
1528 2249 1529 2288 l

248 2331 424 2397 ooniunetis
453 2334 550 2414 atque
580 2350 617 2396 eo
645 2332 801 2397 militibus
830 2332 954 2398 inieetis
986 2335 1018 2397 et
1047 2333 1094 2397 rei
1122 2332 1266 2397 novitate
1300 2331 1465 2416 perterritis

242 359 296 422 290
527 439 530 444 Ι
737 359 777 414 Do
794 358 864 413 bello
882 355 982 414 Gallico

248 2438 423 2522 oppidanis,
447 2457 582 2520 quorum
604 2457 723 2521 magna
744 2457 819 2522 pars
844 2441 913 2504 erat
936 2439 976 2504 ad
999 2438 1120 2504 bellum
1144 2440 1290 2517 evocata,
1315 2441 1382 2504 sine
1403 2457 1466 2503 eon·

222 2545 388 2610 otentione
413 2544 525 2628 oppido
549 2544 678 2628 potitur.
724 2545 854 2610 Refecto
876 2547 982 2628 ponte,
1006 2563 1102 2628 quem
1125 2545 1342 2629 superioribus
1366 2545 1464 2610 diebus
1529 2561 1530 2570 ¹

246 2652 357 2717 hostes
380 2651 592 2728 resciderunt,
615 2651 789 2716 exereitum
811 2651 952 2716 traducit
975 2653 1009 2716 et
1032 2650 1169 2716 seeundo
1192 2650 1327 2717 flumine
1350 2652 1390 2716 ad
1411 2651 1465 2714 Lu·

222 2759 362 2823 stetiam
386 2758 447 2823 iter
470 2757 573 2822 faeere
597 2758 706 2842 eoepit.
752 2758 870 2823 Hostes
893 2777 927 2823 re
951 2757 1078 2840 cognita
1102 2757 1141 2822 ab
1157 2757 1205 2836 iis,
1230 2759 1287 2840 qui
1301 2756 1464 2824 Metiosedo

246 2865 406 2948 fugerant,
429 2864 593 2929 Lutetiam
616 2864 742 2929 inoendi
763 2867 942 2948 pontesque
966 2865 1035 2929 eius
1059 2864 1165 2949 oppidi
1186 2865 1326 2930 reseindi
1347 2866 1465 2937 iubent;

786 3113 825 3195 v.
846 3111 935 3194 Tell.

722 3247 821 3308 Kap.
847 3245 997 3300 57—62.

316 3359 395 3427 Kap.
414 3360 462 3416 57.
502 3372 589 3414 1—a.
609 3357 750 3426 confectas
768 3355 865 3430 55555]
890 3358 957 3430 Kap.
976 3359 1019 3426 28,
1038 3358 1064 3412 4.
1090 3387 1124 3397 -
1150 3357 1397 3416 5515555555
1413 3373 1464 3412 555-

245 3449 338 3515 ouius]
363 3447 587 3502 Wahrsoheinlioh
609 3454 678 3502 wire
702 3465 743 3514 er,
767 3465 841 3502 wenn
865 3464 894 3502 ar
918 3446 993 3501 nieht
1015 3447 1199 3501 ausdrdolrlioh
1225 3464 1257 3501 nu
1281 3448 1378 3502 diesem
1394 3447 1464 3501 Amts

245 3535 352 3596 berulen
371 3537 476 3590 worden
493 3542 575 3604 ubre,
600 3537 697 3606 inlolge
721 3535 805 3590 seiner
823 3534 1048 3590 Alterssehwacho
1072 3553 1131 3590 rom
1148 3533 1335 3605 Kriogsdienst
1360 3537 1406 3592 lrei
1427 3552 1465 3604 gs·

245 3641 338 3679 wesen.

318 3733 343 3775 1.
361 3727 500 3791 perpetua
520 3723 618 3793 palies]
642 3721 708 3793 Kap.
727 3723 775 3789 26,
794 3723 820 3777 2.
847 3749 879 3760 -
905 3722 1033 3790 5515555]
1053 3722 1165 3789 ,551555
1183 3720 1289 3778 Abfluis
1306 3723 1418 3778 heben“.
1436 3747 1463 3758 -

245 3808 391 3879 impedire]
410 3828 580 3880 „unwogsam
598 3812 738 3866 maohen“.
758 3840 792 3850 -
810 3811 968 3878 5551155555]
986 3810 1053 3881 Knp.
1074 3813 1099 3878 1,
1118 3813 1144 3866 1·.

315 3915 394 3985 Kap.
409 3917 455 3974 58.
488 3929 563 3972 r-s.
581 3923 676 3972 555555
694 3917 786 3986 agae]
804 3915 890 3970 Unter
908 3916 967 3970 dem
985 3916 1098 3971 Sebutne
1116 3916 1163 3970 der
1181 3915 1367 3973 Sturmlanben
1384 3916 1464 3970 wollte

245 4019 274 4060 er
292 4019 340 4057 aus
357 4002 520 4058 Lleehtworlr
537 4006 592 4059 und
610 4005 707 4060 Sohutt
724 4004 800 4059 einen
818 4005 902 4059 leston
921 4005 1001 4074 weg,
1020 4006 1076 4060 also
1094 4005 1170 4060 einen
1188 4005 1395 4078 Kniippeldamm
1413 4005 1463 4058 her·

245 4092 349 4146 stellen.
377 4122 412 4132 -
440 4093 563 4162 confisi]
592 4095 766 4162 „vonstatten
792 4093 913 4162 gehen“;
945 4094 988 4148 ein
1016 4095 1129 4148 seltenes
1161 4093 1216 4148 und
1247 4094 1463 4162 nuvollstondiges

244 4179 368 4235 Verbum.

318 4290 407 4334 5-5.
434 4277 612 4350 deprendas]
636 4278 808 4347 aufgoeifen‘t
834 4307 868 4319 —
896 4279 936 4348 eo]
961 4303 993 4324 ==
1013 4279 1046 4335 55
1062 4296 1116 4335 ras.
1140 4309 1175 4319 -
1197 4281 1240 4335 rei
1264 4279 1394 4349 55511515]
1416 4278 1463 4332 pqr

246 4356 490 4437 „Uberresehung“
509 4369 559 4422 hat
576 4367 623 4422 der
640 4367 762 4421 Lateiner
779 4367 840 4420 luein
856 4366 942 4424 Wort.
968 4397 1002 4411 -
1027 4369 1177 4424 5555571555
1194 4371 1336 4439 traducit]
1359 4367 1463 4424 55551151
