3136 4928
256 367 311 430 3th
485 423 486 428 ,
750 368 790 421 De
807 368 876 422 bello
895 365 994 423 Gallico

257 529 397 613 inopiam
425 528 506 594 ferre
536 549 599 594 non
629 548 730 612 posse.
777 527 839 608 Qui
869 547 902 593 se
932 530 1016 593 ultro
1045 528 1142 592 morti
1170 527 1320 605 offerant,
1360 527 1477 592 facilius

232 637 469 720 ereperiuntur‚
493 655 591 719 quarn
615 636 670 718 qui
694 636 835 700 dolorem
857 636 1016 718 patienter
1039 634 1152 698 ferent.
1198 635 1299 716 Atqui
1322 653 1379 716 ego
1403 636 1479 698 hane

259 744 450 808 sententiam
473 745 641 826 probarem
665 743 807 826 (tantum
823 741 907 825 apud
923 760 974 806 me
998 741 1136 822 dignitas
1160 742 1289 824 potest),
1313 742 1340 805 si
1362 742 1480 805 nullam
1545 755 1546 786 l

234 853 483 933 epraeterquam
508 851 591 915 vitae
615 851 743 914 nostrae
766 849 925 913 iacturam
947 848 1016 912 fieri
1039 847 1196 922 riderem
1221 848 1278 912 sed
1301 849 1335 912 in
1357 849 1480 912 consilio

259 957 410 1041 capiendo
433 975 560 1021 omnem
584 955 722 1021 Galliam
745 955 961 1036 respiciamus,
986 954 1140 1036 quemad
1163 956 1310 1019 nostrum
1333 955 1481 1018 auxilium

233 1064 496 1130 econoitavimus.
547 1061 631 1142 Quid
670 1061 755 1127 enim
793 1062 959 1126 hominurn
996 1061 1126 1125 milibus
1160 1061 1279 1124 LXXX
1317 1081 1381 1125 uno
1419 1063 1481 1126 loco

258 1171 434 1237 interfectis
463 1170 649 1254 propinquis
677 1169 984 1251 consanguineisque
1013 1168 1132 1232 nostris
1162 1168 1260 1232 animi
1290 1168 1357 1234 fore
1380 1169 1482 1233 eristi·

258 1279 370 1355 matis,
401 1278 428 1342 si
458 1295 556 1364 paene
586 1277 619 1340 in
642 1276 719 1359 ipsis
749 1275 954 1340 cadaveribus
983 1274 1101 1358 proelio
1125 1275 1286 1340 decertare
1311 1277 1482 1357 cogentur?

234 1386 365 1450 aNolite
394 1385 452 1450 hos
484 1386 589 1449 restro
622 1383 736 1446 auxilio
767 1383 955 1465 exspoliare,
990 1382 1046 1463 qui
1080 1383 1205 1446 vestrae
1241 1383 1358 1446 salutis
1391 1400 1481 1446 causa

260 1511 354 1556 suurn
382 1491 559 1574 periculum
588 1490 812 1571 neglexerunt,
846 1507 905 1552 nec
935 1488 1074 1552 stultitia
1103 1506 1140 1553 ac
1169 1487 1353 1552 temeritate
1381 1490 1481 1553 vestre

260 1600 317 1662 aut
340 1598 438 1662 animi
460 1596 679 1661 imbecillitate
703 1614 830 1660 omnem
855 1594 994 1660 Galliam
1023 1597 1222 1677 prosternere
1252 1596 1285 1658 et
1315 1597 1481 1678 perpetuae
1547 1645 1548 1672 q

219 1705 406 1770 reservituti
430 1704 582 1768 subicere.
627 1705 693 1779 An,
723 1701 807 1783 quod
840 1702 880 1766 ad
903 1701 988 1765 diem
1016 1721 1081 1766 non
1110 1704 1279 1779 venerunt,
1312 1702 1351 1766 de
1380 1721 1482 1766 eorum

259 1812 320 1876 fide
351 1811 592 1892 constantiaque
623 1809 801 1874 dubitatis?
849 1807 932 1888 Quid
963 1811 1062 1890 ergo?
1107 1809 1266 1874 Romanos
1296 1809 1330 1873 in
1353 1810 1417 1874 illis
1440 1810 1483 1872 ul·

260 1917 427 1982 terioribus
462 1916 692 1981 munitionibus
728 1916 866 1980 animine
901 1934 997 1980 causa
1027 1915 1141 1980 cotidie
1171 1916 1308 1980 exerceri
1343 1917 1481 2000 putatis?

220 2043 247 2084 ll
262 2023 296 2088 Si
324 2024 451 2087 illorum
479 2023 600 2086 nuntiis
624 2021 802 2087 confirmari
825 2041 889 2086 non
911 2021 1045 2105 potestis
1070 2022 1155 2086 omni
1178 2022 1268 2086 aditu
1290 2025 1482 2106 praesaeptq

260 2130 310 2193 his
345 2129 473 2193 utimini
500 2130 637 2193 testibus
667 2129 919 2212 appropinquare
951 2147 1061 2192 eorum
1093 2128 1281 2203 adrentum3
1317 2131 1408 2194 cuius
1441 2129 1481 2192 rei

220 2237 374 2301 intimore
399 2236 540 2300 exterriti
571 2236 654 2300 diem
683 2238 872 2316 noctemque
901 2235 934 2300 in
965 2254 1058 2318 opere
1082 2237 1259 2300 versantur.
1306 2234 1391 2315 Quid
1414 2254 1482 2317 ergo

261 2344 324 2408 mei
348 2343 469 2408 consilii
493 2345 565 2406 est?
611 2343 743 2419 Facere,
774 2341 858 2423 quod
885 2343 987 2406 nostri
1016 2343 1152 2407 maiores
1181 2361 1388 2425 nequaquam
1419 2343 1482 2426 pari

261 2451 344 2515 bello
368 2449 569 2516 Cimbrorum
592 2450 835 2530 Teutonumque
858 2448 1020 2524 fecerunt;
1052 2449 1107 2531 qni
1134 2449 1168 2512 in
1196 2449 1312 2533 oppida
1335 2450 1483 2533 compulsi
1549 2529 1550 2540 ἵ

262 2576 298 2622 ac
322 2557 418 2621 simili
440 2557 546 2638 inopie
569 2555 695 2620 subacti
718 2574 827 2620 eorum
851 2556 1050 2638 corporibu8‚
1081 2556 1136 2637 qui
1167 2558 1272 2620 aetate
1305 2557 1346 2620 ad
1369 2558 1482 2622 bellum

261 2665 391 2729 inutiles
415 2663 619 2739 videbantur,
648 2663 748 2726 vitam
777 2663 995 2727 toleraverunt
1024 2681 1128 2744 neque
1158 2681 1192 2727 se
1220 2663 1369 2728 hostibus
1393 2663 1483 2728 tredi-
1549 2669 1550 2674 ’

221 2770 386 2834 aederunt.
433 2768 532 2836 Cuius
555 2768 602 2834 rei
625 2768 652 2832 si
676 2770 855 2852 exemplum
878 2788 942 2833 non
964 2769 1170 2847 haberemus,
1198 2771 1308 2834 tamen
1331 2770 1482 2836 libertatis

221 2895 249 2937 rs
262 2895 359 2940 cauea
388 2876 514 2941 institui
544 2879 576 2940 et
605 2876 740 2959 posteris
771 2875 861 2959 prodi
890 2877 1142 2959 pulcherrimum
1175 2875 1360 2941 iudiearem.
1406 2877 1482 2942 Nem

261 3053 383 3108 Vorwnrf
404 3053 450 3106 der
468 3052 606 3106 Schwtohe
629 3052 722 3106 erhebt
740 3051 937 3120 Vercingetorix
959 3051 1088 3122 Kap.20,
1108 3054 1132 3107 1.
1158 3083 1192 3092 —
1217 3052 1273 3120 (a)
1291 3053 1354 3122 que]
1380 3054 1483 3121 „lenta

263 3143 357 3196 welche
376 3185 382 3196 .
394 3184 400 3197 .
412 3143 444 3197 .“.

335 3244 388 3286 en.
406 3245 428 3286 r.
447 3230 540 3300 atqui]
559 3231 643 3297 „aber
661 3229 735 3296 doch,
754 3230 937 3298 gleiohwohl“.
963 3260 996 3268 —
1020 3230 1157 3300 abactas]
1180 3230 1235 3284 Das
1254 3231 1424 3298 Ehrenhaite‚
1442 3232 1483 3284 des

262 3321 289 3374 in
305 3321 393 3389 jenem
410 3319 556 3388 Voraohlag
573 3319 629 3372 sich
647 3319 724 3388 zeigt,
744 3319 831 3372 wlirde
849 3319 904 3372 ihm
923 3335 952 3373 so
970 3319 1037 3372 hoeh
1056 3319 1156 3386 stehen,
1175 3319 1234 3374 daie
1251 3337 1281 3374 er
1300 3321 1356 3374 sich
1373 3321 1429 3376 ihm
1445 3338 1484 3373 en·

264 3409 390 3476 achillaeo,
415 3426 486 3462 weun
510 3425 572 3461 man
594 3407 669 3460 nicht
692 3407 750 3461 auls
770 3405 1016 3462 Gesamtvaterland
1033 3407 1179 3462 Riicksicht
1201 3410 1312 3464 nahmen
1331 3410 1436 3464 mittete.
1454 3436 1483 3447 -

262 3499 378 3552 tactura
395 3497 439 3566 fit]
458 3500 557 3551 erectae
576 3496 659 3550 durch
676 3496 724 3550 dae
742 3497 844 3566 passive
862 3497 990 3550 Verbum!

336 3598 389 3643 811.
406 3598 429 3640 a,
448 3586 518 3657 quid
597 3586 687 3640 animi
704 3585 763 3652 fore
782 3585 963 3654 ecietimate'el
974 3585 1011 3639 Er
1027 3585 1152 3654 fiirchtet,
1171 3586 1213 3640 bei
1231 3586 1347 3641 solchem
1365 3586 1484 3642 Anblielra

263 3675 368 3729 wlirden
387 3675 456 3730 dann
476 3676 517 3730 die
535 3675 793 3744 Stemmeegenossen
811 3675 904 3729 keinen
922 3674 983 3728 Mut
1000 3675 1075 3728 mehr
1092 3675 1184 3729 huben.
1204 3703 1238 3712 —
1257 3677 1406 3746 mpleperc]
1424 3676 1483 3746 Kap.

262 3766 306 3833 39,
326 3766 351 3820 3.
372 3794 404 3804 -
420 3761 607 3834 prosternere]
626 3763 689 3830 „ins
707 3762 857 3817 Verderben
876 3764 1011 3817 stiirzen“.

339 3866 368 3908 10
389 3872 412 3908 u.
436 3865 475 3908 ll.
499 3853 568 3923 qaid
591 3851 666 3922 erqo]
694 3852 765 3906 zieht
791 3869 838 3906 aus
863 3852 922 3906 dem
946 3851 1182 3921 Vorhergehenden
1207 3853 1283 3907 einen
1308 3852 1427 3920 senium
1452 3853 1485 3906 ist

264 3943 349 3997 dieser
372 3943 484 4008 siunins,
509 3958 538 3996 so
561 3941 630 3996 muts
653 3941 720 3995 auch
742 3941 789 3994 der
806 3941 881 4008 Sata,
907 3957 954 3995 aus
973 3941 1033 3995 dem
1050 3959 1079 3995 er
1096 3958 1208 4010 gezogen
1232 3941 1283 4008 ist,
1309 3942 1409 3996 sinnlos
1427 3942 1485 3996 sein.

264 4031 329 4085 Dese
348 4031 390 4084 die
407 4031 503 4084 Rdmer
521 4046 579 4084 zum
598 4029 675 4100 Spais
694 4030 750 4084 sich
768 4031 905 4100 abphgen,
923 4031 962 4085 ist
978 4031 1054 4085 nicht
1072 4032 1299 4100 wehrsehcinlich‚
1318 4033 1375 4087 also
1455 4057 1484 4070 ·-

262 4120 433 4188 confirmare]
453 4117 620 4186 „Sieherhoit
637 4120 819 4175 behommen“.

340 4221 368 4262 rr
384 4227 408 4263 u.
427 4221 466 4264 ra.
485 4207 518 4262 id
535 4209 588 4262 mei
602 4209 714 4263 conatii
727 4208 776 4277 eat]
796 4209 919 4276 „Damni
930 4209 999 4263 ltinlt
1012 4210 1081 4264 mein
1095 4210 1149 4264 Rat
1162 4210 1288 4264 hinaus“.
1309 4237 1342 4249 -
1363 4207 1486 4274 tolerare]

263 4297 413 4365 ·‚‚fristen“.
438 4327 473 4337 -
499 4297 613 4352 imitat
638 4297 796 4367 cuempiam]
822 4297 871 4352 Ein
895 4299 1010 4369 Beispiel
1034 4299 1220 4365 antrustellen,
1248 4315 1323 4353 wenn
1347 4299 1395 4352 wir
1418 4297 1485 4352 nieht

262 4388 344 4442 sehon
362 4387 418 4442 eins
436 4403 482 4441 ror
500 4387 593 4455 Augen
611 4387 718 4454 hlitten,
742 4387 836 4441 atinde
854 4405 903 4441 uns
922 4388 990 4442 wohl
1009 4405 1055 4455 an,
1079 4388 1112 4442 da
1131 4388 1177 4442 der
1194 4387 1289 4457 Krieg‚
1313 4388 1428 4442 welchen
1445 4385 1485 4438 wir
