3086 4920
503 409 600 465 Cenum.
618 410 650 477 V,
669 427 691 464 o.
710 411 825 465 54-57.
1226 409 1279 469 188

57 573 205 652 tonosque
228 571 350 635 bellum
372 571 525 636 Romanis
547 590 668 654 parare,
691 589 795 652 neque
819 571 879 635 sibi
897 570 1148 635 voluntariorum
1172 571 1278 654 eopias

57 677 172 754 defore,
195 677 223 740 si
247 696 285 741 ex
307 677 423 742 finibus
447 679 514 742 suis
536 677 682 761 progredi
712 677 882 760 coepisset,
916 678 1077 741 armatum
1109 678 1277 742 eonoiiium

55 783 168 847 indicit.
213 783 284 848 Hoo
306 802 393 848 more
410 783 575 849 Gallorum
599 786 648 848 est
670 783 798 847 initium
820 783 911 848 belli:
937 802 999 864 quo
1021 784 1091 864 lege
1115 785 1303 848 eommunia

56 907 160 952 omnes
181 890 319 972 puberes
343 890 459 953 armati
482 890 647 954 eonvenite
677 892 890 965 consuerunt3
921 890 976 970 qui
1007 907 1045 953 ex
1073 889 1112 953 iis
1143 890 1277 954 novissi-
1347 919 1355 934 ι

55 1014 121 1059 mus
145 996 301 1072 convenit,
322 996 357 1059 in
380 998 550 1079 eonspeotu
572 995 787 1060 multitudinis
820 995 966 1060 omnibns
998 995 1191 1059 ornoiatibus
1222 995 1276 1060 ad-

55 1101 151 1166 iaetus
175 1105 317 1167 necatur.
361 1102 401 1165 In
432 1121 467 1166 eo
498 1102 628 1166 ooneilio
659 1101 909 1183 Cingetorigem,
942 1101 1072 1164 alterius
1100 1101 1302 1184 prinoipema

55 1207 210 1285 factionis,
241 1227 395 1290 generum
424 1227 533 1286 suum,
564 1226 660 1290 quem
690 1226 788 1290 supra
815 1207 1104 1272 demonstravimus
1129 1207 1273 1272 Caesaris

55 1316 196 1378 seoutum
219 1313 316 1379 fidem
339 1314 378 1379 ab
402 1333 437 1378 eo
460 1334 522 1378 non
546 1313 739 1391 discessisse,
761 1314 887 1378 hostem
910 1313 1030 1377 iudioat
1044 1312 1190 1395 bonaque
1206 1315 1273 1378 eius

54 1421 198 1502 publicat.
243 1419 303 1484 His
325 1421 421 1485 rebus
445 1419 594 1485 eonfeotia
617 1420 651 1484 in
673 1421 803 1484 oonoilio
827 1419 1013 1503 pronuntiat
1036 1419 1225 1484 arcessitum
1241 1437 1299 1484 ser

55 1526 269 1591 aSenonibus
293 1529 327 1590 et
349 1525 543 1592 Carnutibus
574 1526 708 1608 aliisque
740 1526 954 1609 eompluribus
985 1525 1109 1591 Galliae
1139 1525 1276 1591 eivitati-

54 1633 121 1707 bus;
144 1633 210 1697 huo
231 1633 354 1696 iturum
376 1651 433 1714 per
454 1632 534 1696 fines
549 1633 723 1697 Remorum
746 1651 920 1715 eorumque
937 1651 1029 1714 agros
1044 1632 1301 1716 populaturum

55 1756 94 1815 ae,
114 1739 306 1821 priusquam
326 1737 361 1802 id
383 1737 487 1816 faeiat,
510 1740 617 1803 eastra
632 1738 764 1803 Labieni
786 1740 1054 1822 oppugnaturum.
1100 1737 1190 1818 Quae
1205 1723 1274 1803 fieri

55 1845 134 1923 velit,
156 1845 322 1928 praecipit.

134 1951 313 2028 Labienus,
336 1969 410 2015 oum
433 1952 466 2015 et
488 1951 549 2014 looi
570 1952 688 2015 natura
717 1953 751 2015 et
780 1969 879 2015 manu
907 1951 1132 2016 munitissimis
1161 1952 1275 2016 eastris
1285 1952 1328 2013 d?

55 2073 116 2121 sese
137 2058 279 2133 teneret,
303 2056 341 2120 de
365 2075 422 2120 suo
446 2075 483 2121 ao
498 2057 637 2138 ,legionis
661 2058 800 2140 periendo
823 2057 903 2121 nihil
925 2057 1077 2133 timebat3
1107 2077 1147 2123 ne
1178 2077 1276 2140 quam

56 2165 246 2228 ooeasionem
268 2163 316 2227 rei
338 2163 417 2228 bene
441 2163 597 2245 gerendae
620 2163 804 2240 dimitteret,
828 2163 997 2245 eogitabat.
1034 2163 1150 2245 Itaque
1168 2183 1186 2228 a
1202 2163 1300 2230 oin-r

55 2272 190 2352 getorige
215 2273 312 2351 atque
336 2270 404 2334 eius
426 2270 611 2353 propinquis
627 2271 767 2334 oratione
782 2269 995 2334 Indutiomari
1018 2271 1154 2352 oognita,
1179 2289 1277 2352 quam

54 2375 234 2441 inoonoilio
258 2376 429 2453 habuerat,
452 2376 580 2440 nuntios
603 2377 706 2440 mittit
729 2377 769 2440 ad
791 2377 943 2440 finitimas
965 2376 1111 2441 divitates
1136 2378 1275 2458 equitas-

54 2499 109 2561 que
137 2482 282 2564 undiqua
306 2484 434 2557 erooat3
456 2482 507 2547 his
530 2486 651 2548 oertam
674 2483 760 2548 diem
783 2483 989 2548 eonveniendi
1018 2482 1102 2546 dioit.
1140 2482 1301 2547 Interima

52 2605 141 2670 prope
167 2588 283 2653 eotidie
307 2607 380 2653 oum
411 2589 497 2653 omni
526 2589 673 2671 equitatu
702 2589 941 2654 Indutiomarus
971 2589 1031 2654 sub
1060 2589 1174 2653 eastris
1204 2582 1298 2653 eius

52 2695 233 2775 vagabatur,
257 2695 336 2758 alias
358 2697 397 2758 ut
420 2695 520 2760 situm
542 2697 720 2760 aestrorum
743 2698 955 2778 oognosoeret,
978 2696 1058 2760 alias
1075 2695 1274 2777 colloquendi

52 2905 160 2972 parare]
184 2903 231 2972 IV,
252 2906 294 2972 18,
312 2905 338 2959 4.
364 2935 398 2944 -
423 2906 647 2961 voluntariorum
669 2906 774 2976 copiae]
799 2905 906 2961 Ersatne
925 2907 975 2960 den
994 2905 1104 2961 Genetiv
1127 2906 1210 2960 duroh
1232 2907 1274 2961 ein

52 2991 184 3062 Adjektiv!
209 3021 244 3032 -
267 2993 400 3062 progredi
418 3009 451 3048 eae
467 2994 583 3062 fiaebaa]
607 2994 662 3048 Das
681 2994 745 3048 thot
762 3011 803 3062 er,
827 3010 901 3048 wenu
919 3011 948 3048 er
966 2994 1004 3048 sie
1021 2993 1222 3052 iibersohreitet.
1240 3024 1274 3040 -

52 3083 133 3150 coepe]
152 3081 199 3148 IV,
219 3081 264 3148 27,
285 3082 309 3136 7.
328 3111 364 3120 -
382 3073 603 3151 cenadiensem,
622 3083 665 3150 19,
684 3083 709 3137 2.

118 3182 141 3224 2.
161 3169 223 3237 boe]
242 3169 366 3223 verbinde
383 3170 459 3224 nicht
476 3171 526 3224 mit
543 3173 631 3226 more!
655 3201 690 3210 -
712 3170 778 3240 guo]
796 3194 831 3214 ==
849 3170 889 3224 od
906 3171 955 3226 hoo
973 3170 1126 3226 eoeeoile'um.
1146 3199 1180 3210 -
1203 3186 1273 3225 eom-

52 3258 150 3328 memia]
171 3258 451 3327 ,‚nllgemeingiiltig“.
470 3287 504 3298 -
528 3260 633 3314 armati
651 3259 805 3326 convenire]
823 3259 918 3327 gehbrt
935 3259 1029 3312 ebenso
1048 3275 1099 3327 eng
1117 3275 1274 3328 zusammen,

52 3345 93 3398 nie
116 3347 233 3400 naehher
257 3347 421 3402 nooiaeimae
445 3349 587 3415 cosmedin
611 3365 643 3401 nu
666 3348 808 3403 conoene're
831 3347 1028 3414 s.1v,au‚2;
1053 3363 1085 3400 zu
1108 3347 1276 3403 amissimus

50 3429 110 3502 Kap.
129 3435 179 3503 32,
198 3437 224 3489 2.
251 3464 285 3474 -
310 3435 436 3490 manebus
460 3435 631 3490 audaeibus
655 3435 795 3503 adfectae]
820 3435 886 3505 Kap.
906 3436 931 3503 6,
950 3435 967 3490 8
974 3457 981 3502 ;
1007 3434 1055 3488 das
1077 3434 1150 3490 Part.
1174 3438 1275 3490 erantne

51 3519 128 3576 dureh
146 3523 204 3577 eine
221 3523 403 3593 Prtposition!

118 3625 142 3666 a.
163 3611 248 3680 fidem
270 3612 358 3682 aeguo]
382 3611 429 3680 IV,
448 3613 491 3680 21,
509 3613 536 3668 8.
562 3641 596 3652 -
620 3613 670 3668 aba
688 3618 714 3667 te
731 3629 788 3667 non
806 3611 930 3679 dioceses]
957 3611 1018 3679 „ioh
1043 3611 1088 3665 bin
1107 3611 1149 3666 dir
1165 3612 1208 3666 nie
1226 3629 1273 3666 un·

50 3701 105 3752 tren
121 3701 289 3769 geworden“.

117 3800 170 3844 en.
187 3803 211 3844 a.
236 3789 279 3845 bie
300 3790 383 3846 redae
405 3789 546 3858 eonfeotie]
569 3789 630 3844 Anl.
649 3789 681 3844 K.
701 3819 734 3829 —
758 3805 829 3860 qaae
845 3789 908 3857 fieri
925 3789 1003 3856 uelit]
1026 3805 1047 3843 n.
1066 3789 1111 3857 IV,
1130 3789 1174 3856 83,
1192 3789 1218 3844 5.
1237 3818 1274 3828 -

48 3878 196 3946 praeapte]
214 3877 276 3933 Anl.
294 3877 327 3933 U.

115 3964 194 4034 Καρ.
215 3966 265 4024 od.
307 3979 328 4022 ι.
352 3965 542 4035 leot-meare]
564 3965 610 4033 IV,
628 3967 672 4033 23,
689 3968 716 4021 3.
741 3996 776 4005 -
799 3983 886 4022 manu
904 3966 1039 4034 munitae]
1064 3989 1096 4010 ·--
1116 3981 1196 4037 opere
1213 3983 1272 4022 mu·

50 4051 135 4122 uitae]
154 4071 175 4109 a.
194 4054 262 4125 Kap.
280 4057 306 4122 9,
322 4057 349 4109 4.
369 4084 402 4094 -
426 4055 525 4111 austrie
542 4069 570 4110 ae
589 4055 691 4122 emere]
710 4055 788 4123 „sein
805 4055 890 4124 Iager
907 4054 982 4108 nieht
999 4053 1161 4109 verlassan“.
1181 4083 1215 4094 -
1238 4055 1272 4111 de

46 4143 167 4207 periendo
184 4161 242 4199 meo
260 4145 354 4212 timeo]
370 4144 434 4212 „iob
451 4145 555 4198 flmohte
573 4142 672 4199 Geiahr
688 4145 730 4197 rur
747 4144 851 4211 mioh“;
869 4143 930 4199 nni.
945 4143 972 4197 N
978 4141 989 4172 ¹
1001 4142 1059 4198 NB.
1079 4171 1113 4182 -
1130 4159 1188 4198 rem
1206 4143 1271 4198 bene

48 4231 147 4298 perere]
163 4232 247 4286 haifst
264 4233 331 4286 anah
350 4231 447 4300 „einen
464 4231 643 4286 Handstraioh
660 4232 831 4287 ansfu'hren“.
851 4259 885 4272 ·-
905 4232 1052 4299 dimittere]
1070 4230 1136 4303 Kap.
1151 4231 1194 4298 88,
1208 4231 1234 4286 2.

118 4329 170 4374 aa.
188 4333 212 4374 a.
230 4320 261 4388 a]
279 4320 317 4373 iat
334 4321 384 4374 mit
402 4335 561 4390 cognoscere
579 4319 728 4373 verbunden
746 4320 794 4373 wie
806 4318 852 4387 IV,
868 4320 910 4386 19,
924 4321 949 4375 1.
969 4348 1002 4358 -
1021 4325 1123 4375 mium
1189 4318 1269 4388 dicu]

50 4405 180 4462 dbersetno
198 4407 282 4462 duroh
300 4408 354 4463 ein
370 4407 462 4462 Wort!
482 4436 516 4448 -·
538 4407 703 4475 coetorum]
721 4409 821 4461 ersetna
839 4407 935 4461 durahs
953 4407 1113 4463 Pronomon!
1133 4436 1167 4446 -
1191 4407 1269 4462 oodo-

1002 4496 1058 4552 13*
