3086 4920
526 395 624 452 Comm.
643 396 702 465 VH,
721 415 743 452 c.
761 398 877 453 36-38.
1264 395 1319 458 275

67 561 130 626 vel
167 559 332 643 principes
371 559 440 622 eins
478 557 604 622 consilii
641 558 706 623 fore
741 559 982 642 profiterentur,
1018 561 1101 625 ratio
1135 562 1319 645 perficiendi

69 666 318 750 quaerebatur,
348 665 434 746 quod
460 665 624 729 civitatem
652 667 773 730 temere
798 665 838 730 ad
862 666 1098 750 suscipiendum
1120 668 1241 733 bellum
1264 669 1320 734 ad·

67 773 159 839 duci
189 791 285 856 posse
315 791 380 836 non
410 769 619 836 confidebant.
665 771 808 850 Placuit,
841 776 879 837 ut
907 772 1087 838 Iritaviccus
1118 774 1227 839 decem
1256 775 1343 840 illisr

68 881 234 957 milibus,
259 897 341 961 quae
365 878 495 944 Caesari
518 878 559 942 ad
581 879 703 943 bellum
725 878 946 958 mitterentur,
973 880 1198 963 praeficeretur
1222 883 1319 964 atque

68 1007 114 1054 ea
142 985 296 1051 ducenda
327 987 468 1063 curaret,
497 985 677 1067 fratresque
708 986 777 1050 eius
807 985 847 1050 ad
871 985 1041 1052 Caesarem
1069 991 1320 1070 praecurrerent.

68 1096 228 1176 Reliqua
252 1111 316 1174 qua
339 1093 462 1157 ratione
486 1092 538 1174 agi
561 1094 695 1174 placeat,
718 1093 931 1158 constituunt.

175 1200 361 1264 Litaviccus
385 1201 513 1281 accepto
537 1199 688 1276 exercitu,
712 1217 786 1263 oum
808 1199 898 1264 milia
919 1219 1074 1283 passuum
1089 1201 1215 1266 circiter
1229 1202 1376 1269 XXXdS

70 1309 117 1374 ab
147 1305 313 1388 Gergovia
336 1306 479 1383 abesset,
511 1305 690 1370 convocatis
722 1305 827 1370 subito
851 1305 1007 1370 militibus
1030 1307 1201 1372 lacrimans
1225 1308 1320 1388 „Quo

69 1413 320 1501 proficiscimur
328 1417 354 1490 “,
377 1410 498 1491 inquit,
528 1411 696 1488 „militesf
744 1411 855 1476 Omnis
878 1413 986 1476 noster
1010 1412 1188 1494 equitatus,
1218 1415 1345 1479 omnisr

69 1521 242 1587 nobilitas
271 1518 410 1593 interiit;
440 1517 599 1600 principes
627 1517 780 1595 civitatis,
810 1517 1003 1601 Eporedorix
1033 1521 1066 1584 et
1088 1519 1321 1599 Viridomarus,

70 1626 273 1694 insimulati
301 1625 488 1708 proditionis
518 1625 558 1688 ab
589 1625 742 1689 Romanis
772 1624 893 1690 indicta
923 1644 1020 1691 causa
1048 1626 1209 1691 interfecti
1236 1629 1320 1692 sunt.

72 1736 176 1802 Haec
202 1734 244 1798 ab
267 1732 345 1816 ipsis
370 1731 564 1813 cognoscite,
593 1731 649 1813 qni
678 1749 716 1795 ex
745 1731 815 1813 ipsa
842 1731 937 1796 caede
960 1731 1129 1814 fugerunt;
1163 1753 1239 1798 nam
1263 1752 1345 1816 egos

71 1842 246 1908 fratribus
277 1841 374 1921 atque
403 1838 550 1902 omnibus
580 1839 660 1902 meis
690 1838 876 1921 propinquis
908 1838 1084 1904 interfectis
1114 1840 1220 1906 dolore
1249 1859 1321 1924 pro-

72 1949 209 2025 hibeor,
235 1964 316 2028 quae
340 1946 432 2027 gesta
455 1946 547 2022 sunt,
570 1945 804 2027 pronuntiare.“
850 1944 1077 2010 Producuntur·
1092 1946 1140 2025 bi,
1165 1966 1244 2028 quos
1267 1935 1345 2012 illdr

74 2054 275 2130 edocuerat,
300 2070 382 2134 quac
406 2051 468 2116 dici
491 2051 596 2128 vellet,
621 2052 717 2133 atque
742 2051 863 2129 cadem,
888 2070 969 2133 quae
985 2052 1167 2118 Litaviccus
1183 2073 1322 2136 pronun-

71 2161 240 2238 tiaverat,
254 2158 456 2223 multitudini
469 2159 646 2241 exponunt:
663 2159 782 2222 multos
797 2158 920 2239 equites
932 2158 1116 2224 Aeduorum
1128 2160 1321 2239 interfectos,
1334 2182 1347 2222 s

73 2267 174 2352 quod
205 2266 355 2332 collocuti
386 2283 460 2330 cnm
488 2265 640 2329 Arvernis
669 2264 865 2340 dioerentur;
895 2265 981 2348 ipsos
1011 2284 1045 2330 se
1069 2267 1153 2331 inter
1175 2269 1322 2333 multitu·

73 2377 199 2442 dinem
230 2373 372 2438 militum
402 2373 578 2438 occultasse
609 2373 706 2452 atque
737 2390 775 2435 ex
803 2370 909 2436 media
940 2371 1035 2436 caede
1066 2372 1195 2454 fingisse.
1241 2373 1346 2439 Con-s

73 2482 235 2550 clamant
258 2479 361 2544 Aedui
384 2481 417 2545 et
432 2479 630 2544 Litaviccum
653 2477 829 2555 obsecrant,
853 2479 890 2541 ut
913 2478 973 2542 sibi
996 2479 1150 2544 consulat.
1197 2478 1345 2558 „Quasir

74 2593 199 2665 vcro“,
225 2587 332 2668 inquit
353 2587 416 2664 ille,
439 2635 457 2664 ,‚
466 2586 589 2651 consilii
613 2586 655 2650 sit
677 2605 746 2663 res,
771 2603 807 2650 ac
829 2603 894 2649 non
916 2603 1045 2650 neeesse
1070 2586 1113 2650 sit
1135 2586 1322 2652 nobisGer·

73 2697 219 2780 goriam
249 2693 439 2759 contendere
471 2696 505 2758 et
527 2712 601 2758 cum
623 2694 773 2758 Arvernis
796 2693 924 2757 nosmet
947 2693 1144 2775 coniungere.
1190 2695 1240 2757 An
1264 2693 1346 2758 dus

73 2805 242 2878 bitamus,
267 2801 343 2882 quin
365 2800 486 2866 nefario
509 2799 646 2865 facinore
670 2799 809 2864 admisso
832 2800 969 2864 Romani
990 2800 1056 2864 iam
1080 2798 1119 2864 ad
1142 2817 1199 2862 nos
1222 2799 1322 2865 inter·

72 2999 159 3068 apae
180 2996 243 3050 eius
261 2993 381 3062 mantis]
401 2993 443 3048 Sis
462 2995 567 3048 wollten
586 3011 663 3062 sogar
681 3011 715 3047 an
729 2994 771 3047 die
785 2993 873 3065 Spitzc
888 2995 934 3048 des
947 2993 1156 3047 Untcrnehmsns
1175 2997 1270 3049 treton.
1286 3021 1320 3031 -

71 3083 235 3158 queaererc]
255 3083 305 3150 „in
323 3081 406 3152 Frage
424 3083 528 3137 ziehn“.
548 3112 582 3122 -
601 3083 708 3150 wenna]
729 3100 779 3150 „sc
798 3083 864 3137 ohne
882 3083 1029 3137 welteres“.

161 3187 187 3227 ι.
209 3171 348 3239 ducenda]
368 3172 400 3225 In
413 3173 524 3227 welehcr
536 3173 623 3226 Weiss
641 3189 670 3226 er
687 3173 730 3226 fiir
747 3172 804 3226 ihre
822 3173 948 3242 Fdhrung
966 3187 1060 3240 sorgen
1078 3171 1164 3239 sollte,
1184 3171 1253 3240 neigt
1272 3172 1319 3226 das

72 3261 211 3334 folgende
229 3260 345 3330 Kapitsl.
365 3289 397 3298 -
417 3261 594 3330 constituere]
614 3261 825 3330 „rerabreden“.

159 3349 242 3417 nan.
262 3349 309 3406 38.
349 3359 371 3403 ι.
395 3349 503 3404 indicta
521 3351 619 3418 cama]
643 3349 726 3404 Nicht
743 3366 793 3403 ron
811 3349 949 3405 indicere!
983 3349 1033 3403 Die
1052 3347 1249 3418 Gereohtigkeit
1266 3367 1321 3404 vcr-

72 3442 189 3511 langtc,
210 3437 270 3491 dass
288 3438 326 3491 sie
344 3437 400 3491 sich
417 3437 512 3492 hatten
530 3437 726 3508 rechtfertigen,
745 3438 905 3506 verteidigen
924 3437 1050 3505 (causam
1067 3438 1171 3507 dicere)
1188 3439 1288 3494 ddrfen.

161 3541 187 3583 a.
215 3525 323 3596 facere]
351 3526 511 3610 Wemfman
537 3527 670 3595 entrinnt,
695 3527 761 3580 wird
786 3527 868 3580 dureh
893 3542 926 3581 en
950 3526 1138 3595 ausgedrnckt,
1164 3544 1239 3581 wenn
1263 3529 1321 3582 eine

72 3616 273 3676 raumliehe
285 3615 465 3684 Anscbauung
482 3617 617 3684 augrunde
634 3617 708 3684 liegt.
728 3646 763 3656 —-
777 3616 936 3684 prohibeor]
956 3616 1011 3669 Das
1024 3616 1161 3669 Passivum
1178 3616 1267 3685 klingt
1284 3616 1320 3670 im

73 3706 244 3764 Deutsehen
262 3705 302 3758 oft
320 3705 394 3770 steif3
418 3705 485 3758 auch
502 3705 541 3758 ist
558 3721 585 3758 es
603 3705 661 3759 hier
678 3705 754 3759 nieht
772 3705 905 3772 thnnlieh,
929 3705 976 3759 wie
994 3704 1031 3758 im
1048 3705 1141 3759 Iatein
1159 3705 1209 3759 den
1228 3704 1321 3760 Grund

72 3817 112 3854 au
133 3797 201 3850 dem
221 3793 356 3847 Sohmerze
373 3794 402 3847 in
420 3794 471 3847 den
488 3793 638 3865 Hauptsatz
656 3794 862 3848 einzuschieben.

160 3897 176 3936 4
194 3901 220 3934 ιι.
237 3895 260 3936 s.
279 3899 349 3952 quae
367 3882 425 3938 dict
442 3883 528 3950 callet]
548 3883 895 3953 dhnliehwieKap.16‚2;
914 3900 965 3937 nur
983 3881 1118 3953 empfiehlt
1135 3899 1163 3936 os
1182 3882 1238 3936 sich
1255 3882 1319 3948 hier,

72 3975 124 4030 dis
145 3973 251 4027 Person
270 3987 328 4024 zum
347 3971 459 4040 Subjelrt
477 3988 508 4024 ιιι
526 3972 642 4025 machon.
662 4002 695 4011 -
714 3975 814 4028 maltos
833 3972 947 4042 equites]
966 3972 1008 4024 Da
1026 3971 1063 4025 sie
1080 3971 1177 4025 mitten
1196 3987 1243 4024 ans
1262 3971 1321 4024 dem
1351 4013 1354 4018 ι

71 4059 209 4119 Blutbad
222 4059 340 4128 gsflohsn
354 4059 422 4127 sind,
436 4060 539 4114 kbnnen
553 4060 591 4114 sie
599 4061 842 4129 glaubhafterweise
856 4061 931 4114 nieht
944 4060 1018 4113 mehr
1031 4060 1071 4114 als
1086 4060 1170 4114 diems
1184 4077 1320 4128 aussagen.

161 4161 218 4203 sn.
233 4159 259 4202 t.
286 4148 424 4218 cernulat]
449 4150 497 4203 wie
514 4149 580 4220 Kap.
600 4150 625 4217 8,
643 4149 675 4216 4;
699 4150 761 4204 aber
784 4149 829 4203 des
847 4149 985 4217 folgenden
1003 4150 1113 4204 canalii
1131 4165 1220 4216 wegen
1238 4149 1275 4202 ist
1292 4165 1321 4202 cs

70 4245 155 4298 etwa
175 4237 229 4291 mit
248 4236 323 4304 „But
341 4237 476 4292 schaffen“
497 4256 528 4292 ιιι
546 4238 707 4292 tibersctzen.
728 4267 759 4276 -
780 4239 862 4306 qnasi
880 4238 953 4306 vero]
973 4238 1124 4306 „wirklieh,
1144 4238 1184 4292 als
1203 4238 1266 4292 cb“.
1286 4265 1320 4275 -

70 4346 125 4388 m
145 4343 209 4383 non
227 4331 269 4381 est
287 4327 406 4396 massilia]
427 4327 505 4395 „hier
522 4327 560 4382 ist
577 4327 665 4381 nichts
680 4343 712 4380 nn
724 4326 862 4381 baraten“.
883 4353 916 4364 -
935 4343 969 4381 ce
987 4326 1055 4395 non]
1075 4327 1150 4394 „und
1168 4327 1243 4380 nieht
1260 4325 1325 4380 vicl·

70 4416 186 4476 mehr“
206 4416 277 4469 kann
294 4416 369 4470 nieht
387 4416 470 4471 durch
487 4432 572 4487 neque
590 4418 689 4470 ersetzt
706 4415 817 4470 werden.

137 4506 201 4561 Iun.
218 4503 294 4559 ems.
308 4504 385 4559 Βιιι.
400 4504 481 4560 Gran.
513 4505 560 4559 111.
1072 4505 1106 4559 19
