3136 4928
243 365 298 428 348
736 371 776 425 De
793 371 862 426 bello
881 369 980 426 Gallico

245 531 332 595 sidiis
367 531 493 614 saepius
528 533 652 614 equites
688 533 755 597 eius
791 551 960 615 aggressus
996 531 1136 596 secunda
1168 531 1292 615 proelia
1327 529 1470 595 faciebat.

219 638 439 716 eNovissime‚
468 658 542 704 eum
565 639 785 704 vehementius
809 638 1069 716 contenderem,
1098 657 1135 703 ae
1158 637 1343 702 Volusenus
1371 636 1470 720 ipsius

243 745 462 828 mtercipiendi
485 744 619 811 Commii
647 746 820 828 eupiditate
849 746 1042 830 pertinacius
1073 764 1147 810 eum
1177 764 1252 810 cum
1282 743 1395 827 paucis
1424 743 1473 806 in·

244 853 373 917 secutus
397 853 498 929 esset,
527 853 581 917 ille
605 854 713 917 autem
735 852 812 934 fuga
835 853 1015 916 vehementi
1038 851 1238 916 Volusenum
1267 850 1472 933 produxisset

241 958 383 1040 longius,
416 957 563 1022 inimicus
597 959 718 1023 homini
751 960 880 1042 repente
916 977 1046 1022 suorum
1080 959 1207 1022 invocat
1239 956 1337 1020 fidem
1374 958 1471 1038 atque

243 1065 405 1142 auxillum,
427 1083 467 1130 nc
491 1083 550 1129 sua
565 1066 697 1130 vulnera
719 1083 776 1148 per
798 1065 894 1130 fidem
916 1065 1067 1148 imposita
1088 1065 1278 1147 paterentur
1300 1063 1472 1146 impunita

242 1189 454 1253 conversoque
477 1190 558 1253 equo
582 1191 616 1236 se
640 1191 659 1236 a
682 1172 795 1237 ceteris
818 1172 978 1236 incautius
1007 1172 1167 1254 permittit
1195 1172 1232 1235 in·
1259 1169 1471 1254 praefectum.

216 1278 377 1343 sFeeiunt
398 1278 459 1342 hoc
480 1278 565 1342 idem
588 1297 697 1343 omnes
721 1279 789 1344 eius
816 1279 940 1360 equites
970 1295 1152 1361 paucosque
1183 1279 1309 1342 nostros
1341 1296 1473 1342 eonver-

217 1387 317 1448 stunt
346 1386 442 1466 atque
473 1385 694 1466 insequuntur.
746 1384 909 1451 Commius
938 1385 1106 1450 incensum
1136 1385 1313 1449 calcaribus
1350 1402 1473 1466 equum

242 1491 406 1573 coniungit
429 1509 510 1573 equo
526 1489 683 1570 Quadrati
704 1492 879 1574 lanceaque
902 1490 1020 1556 infesta
1042 1492 1168 1573 magnis
1184 1491 1304 1555 viribus
1327 1491 1473 1555 medium

217 1597 346 1662 efemur
368 1597 476 1662 traicit
498 1597 662 1662 Voluseni.
706 1597 871 1663 Praefeoto
894 1599 1061 1662 vulnerato
1090 1617 1155 1662 non
1185 1597 1337 1662 dubitant
1367 1597 1472 1660 nostri

217 1705 390 1770 aresistere
420 1706 453 1769 et
485 1706 644 1770 conversis
674 1706 764 1787 equis
793 1705 920 1769 hostem
949 1705 1077 1787 pellere.
1129 1702 1220 1783 Quod
1255 1704 1311 1768 ubi
1347 1703 1473 1781 accidit,

242 1813 418 1894 complures
442 1812 585 1876 hostium
608 1830 723 1894 magno
745 1814 929 1877 nostrorum
951 1812 1075 1894 impetu
1096 1811 1237 1894 perculsi
1258 1811 1472 1875 vulnerantur

242 1935 278 1981 ae
300 1918 419 2000 partim
441 1919 475 1982 ln
497 1918 575 2001 luga
601 1921 826 2002 proteruntur,
854 1919 972 2002 partim
1002 1918 1268 2001 intercipiuntur3
1299 1917 1388 1998 quod
1419 1917 1474 1981 ubi

241 2023 363 2087 malum
387 2023 451 2088 dux
474 2025 547 2105 equi
570 2025 737 2089 velocitate
754 2025 893 2103 evitavit
918 2025 1058 2106 graviter
1072 2025 1260 2088 vulneratus
1278 2023 1473 2106 praelectus,

216 2130 279 2193 eut
294 2129 378 2193 vitae
400 2129 577 2212 perieulum
600 2131 744 2195 aditurus
761 2131 930 2204 videretur,
953 2129 1091 2195 refertur
1106 2131 1140 2194 in
1156 2132 1272 2194 eastra.
1304 2129 1472 2195 Commius

241 2236 351 2300 autem
374 2236 440 2300 sive
463 2237 587 2318 expiato
612 2256 669 2301 suo
692 2237 797 2302 dolore
822 2237 887 2301 sive
917 2255 1036 2318 magna
1064 2239 1156 2320 parte
1187 2237 1307 2301 amissa
1339 2256 1473 2302 suornm

240 2343 362 2423 legatos
387 2341 427 2405 ad
450 2343 624 2407 Antonium
647 2344 749 2407 mitt't
773 2361 870 2425 seque
894 2344 927 2407 et
949 2343 994 2406 ibi
1016 2343 1179 2420 futurum,
1208 2343 1263 2408 ubi
1293 2345 1473 2426 praescrip-
1558 2415 1559 2432 χ

241 2449 334 2525 serit,
364 2451 397 2513 et
427 2468 465 2514 ea
494 2449 670 2527 facturum,
701 2469 782 2532 quae
811 2450 990 2532 imperarit,
1026 2449 1188 2514 obsidibus
1224 2449 1309 2514 datis
1345 2449 1472 2524 firmat3

216 2572 342 2620 sunum
371 2555 451 2620 illud
481 2557 551 2620 orat
579 2558 618 2620 ul
646 2556 753 2621 timori
787 2574 845 2620 suo
878 2555 1084 2634 concedatur,
1117 2575 1158 2621 ne
1193 2556 1227 2620 in
1261 2559 1472 2640 conspectum

314 2869 337 2910 e.
360 2856 514 2924 mulsum]
534 2856 603 2923 ‚,das
620 2858 701 2910 letzte
718 2856 803 2910 Malf‘.
826 2892 862 2902 -
880 2856 1070 2926 prodacisect]
1094 2855 1128 2910 So
1147 2857 1291 2910 sttirmisch
1309 2874 1365 2911 war
1382 2874 1412 2911 er
1428 2874 1471 2926 ge·

239 2944 337 3012 flohen,
363 2945 421 2999 dass
444 2963 473 2998 er
497 2946 547 2999 den
571 2945 719 2999 Volusenus
744 2963 810 3014 ganz
838 2962 886 2999 aus
911 2947 969 2999 dom
995 2943 1119 3000 Gelechte
1143 2946 1307 3014 weggelcelrt
1330 2946 1417 3000 hatte.
1436 2975 1468 2985 -

239 3033 371 3088 inimicus
388 3033 502 3102 homini]
525 3034 599 3102 giebt
622 3035 664 3088 die
682 3035 843 3104 perstinliehe
861 3034 1030 3088 Feindsohalt
1048 3035 1088 3088 als
1107 3033 1201 3089 Grund
1218 3052 1253 3088 en
1270 3035 1315 3088 llir
1333 3036 1391 3089 sein
1409 3035 1469 3088 Ver·

239 3122 338 3176 fahren.
368 3151 401 3161 ·-
428 3125 547 3178 cuhara
567 3139 620 3193 per
644 3124 725 3190 pidem
749 3123 893 3193 imposita]
921 3123 1062 3192 eigentlich
1090 3126 1193 3191 „uniar
1217 3124 1307 3178 Bruch
1336 3125 1384 3179 des
1408 3124 1469 3177 Ver·
1555 3181 1556 3190 ἵ

239 3211 377 3278 trassens“‚
397 3213 452 3265 also
470 3212 635 3280 hinterlistig
652 3213 835 3281 beigobraohte
852 3212 982 3267 Wunden.
1002 3243 1036 3253 -
1054 3229 1083 3268 ee
1100 3231 1120 3266 a
1139 3213 1235 3268 ceteris
1314 3212 1466 3283 permittit]
1555 3209 1556 3240 l

238 3299 277 3352 ist
295 3299 356 3353 sehr
373 3300 436 3354 kurz
455 3304 563 3369 gesagt3
582 3304 664 3354 etwa:
684 3318 734 3368 „er
752 3304 863 3372 sprengt
880 3301 929 3355 den
949 3302 1060 3370 librigen
1077 3302 1202 3356 voraus“.

311 3436 365 3474 su.
383 3437 406 3479 s.
426 3441 532 3494 paucos
550 3430 657 3480 nostroe
675 3425 849 3492 conuerterat]
867 3425 917 3478 Die
935 3426 1000 3480 Zahl
1019 3426 1065 3481 der
1082 3427 1164 3480 lente
1183 3426 1229 3480 des
1247 3426 1401 3481 Volusenus
1418 3443 1470 3479 war
1554 3447 1555 3468 Ξ

239 3509 388 3581 uberhaupt
411 3529 463 3566 nur
485 3513 570 3580 llein,
596 3514 703 3568 deshalb
728 3514 833 3568 wurden
859 3514 896 3567 sle
921 3531 950 3568 so
973 3515 1056 3568 leieht
1078 3515 1215 3583 geworfen.
1242 3544 1278 3553 —
1303 3517 1469 3586 eoaimtperc

239 3612 307 3736 {31¹2
319 3597 372 3665 rei]
398 3604 499 3666 „etwas
522 3601 593 3655 einer
611 3602 692 3656 Socha
711 3603 778 3656 nahe
796 3602 936 3670 bringen“.
963 3632 997 3642 -
1023 3604 1121 3657 lumea
1143 3602 1262 3673 infesto]
1289 3605 1364 3671 „mit
1388 3605 1470 3659 einem

308 3686 452 3742 enstolse“.

313 3820 336 3862 7.
354 3811 429 3878 quod
445 3812 496 3866 abi
512 3815 615 3869 aeolum
694 3815 818 3882 coitaolt]
837 3815 901 3869 Erst
918 3815 1046 3870 naohdem
1064 3815 1106 3870 die
1119 3815 1216 3870 Romer
1234 3815 1283 3870 das
1297 3815 1472 3886 Vergebliche

240 3894 311 3948 einer
328 3896 488 3969 Verlolgung
506 3902 661 3971 eingesehen
678 3903 786 3972 hatten,
810 3904 920 3958 kehrten
944 3905 982 3958 sie
1004 3905 1054 3958 mit
1076 3904 1160 3958 ihrem
1183 3905 1471 3960 schwerverwundeten

240 3981 342 4124 FciLhrelrJ
366 3988 469 4042 zuriiolr.
497 4019 531 4028 -
555 3992 714 4059 perieulum
741 3993 873 4048 aditurus
900 3993 1024 4062 videtur]
1053 4011 1105 4060 „er
1132 3993 1235 4048 scheint
1259 3994 1289 4047 in
1316 3992 1419 4049 Gefahr
1441 4011 1471 4048 au
1552 3991 1553 4032 ἶ

241 4085 254 4122 s
287 4087 325 4124 we
342 4074 407 4127 en“.

313 4205 365 4248 su.
382 4207 405 4250 e.
424 4199 534 4266 aopioto
616 4203 719 4271 dolore]
738 4204 828 4257 Duroh
846 4203 888 4258 die
901 4203 1088 4274 Verwundung
1106 4205 1153 4260 des
1171 4205 1322 4261 Volusenus
1341 4225 1400 4262 war
1417 4208 1470 4262 sein

241 4277 316 4334 Groll
330 4282 461 4338 vielleieht
473 4289 595 4354 gestihnt.
615 4320 648 4329 —
667 4293 717 4347 coi
730 4293 955 4362 praescripserit]
973 4293 1110 4349 Vermeide
1124 4295 1172 4349 das
1186 4294 1312 4365 doppelte
1333 4298 1423 4362 ‚,er“!
1438 4323 1469 4336 -—
1551 4277 1552 4284 ἵ

240 4368 380 4425 madeus
398 4373 473 4429 datie
490 4377 612 4447 firmare]
631 4377 757 4446 „Geiseln
775 4382 815 4435 als
833 4381 980 4436 Sicherheit
998 4383 1074 4436 ‹leffir
1090 4383 1184 4452 geben,
1202 4383 1262 4436 dass
1282 4386 1355 4440 ...“.
1382 4413 1416 4423 -
1437 4400 1469 4438 aa
