3172 4922
243 383 279 444 80
732 384 771 438 De
789 384 858 438 bello
877 382 976 439 Gallico

219 546 389 611 mercede
414 547 658 610 arcesserentur.
704 545 828 610 Horum
851 545 953 627 primo
976 544 1100 609 circiter
1123 545 1212 608 milia
1234 543 1295 608 XV
1320 545 1472 608 Rhenum

244 653 416 727 transisse;
440 653 650 734 posteaquam
674 669 766 732 agros
784 652 816 715 et
833 651 956 714 cultum
973 653 1006 715 et
1022 651 1127 732 copias
1145 649 1310 715 Gallorum
1323 651 1472 716 homines
1576 689 1577 692 =

245 758 305 823 feri
329 777 365 822 ac
387 758 516 823 barbari
540 758 754 834 adamassent,
778 757 942 821 traductos
966 758 1091 839 plures;
1114 775 1200 820 nunc
1224 775 1293 821 esse
1316 757 1349 820 in
1366 755 1473 821 Gallia
1576 791 1577 802 κ

219 865 284 929 rad
308 866 437 929 centum
454 865 486 928 et
500 863 561 926 XX
583 863 709 927 milium
731 882 911 927 numerum.
946 862 1028 927 Cum
1051 863 1100 926 his
1123 861 1273 926 Haeduos
1298 881 1472 944 eorumque

227 971 375 1035 clientes
399 970 499 1034 semel
522 971 618 1051 atque
641 970 759 1032 iterum
783 969 880 1032 armis
901 968 1116 1042 contendisse;
1139 986 1291 1050 magnam
1305 969 1473 1033 calamita-

243 1079 309 1141 tem
325 1077 433 1160 pulsos
451 1076 617 1159 accepisse,
641 1093 768 1139 omnem
783 1075 991 1152 nobilitatem,
1015 1094 1141 1138 ornnem
1162 1077 1318 1151 senatum,
1342 1093 1474 1139 omnem

115 1178 117 1182 ’
219 1167 425 1265 aequitatum
451 1182 605 1246 amisisse.
650 1179 773 1259 Quibus
797 1182 923 1264 proeliis
948 1181 1248 1262 calamitatibusque
1264 1180 1391 1258 tractos,
1417 1182 1473 1263 qui

244 1293 277 1354 et
301 1308 359 1354 sua
381 1289 501 1354 virtute
525 1290 557 1352 et
579 1288 688 1371 populi
703 1287 838 1351 Romani
861 1288 997 1370 hospitio
1022 1289 1118 1368 atque
1139 1287 1279 1351 amicitia
1294 1287 1472 1370 plurimum

245 1398 318 1460 ante
341 1397 375 1458 in
392 1395 496 1460 Gallia
518 1395 706 1477 potuissent,
730 1397 854 1458 coactos
876 1413 944 1459 esse
963 1385 1118 1476 Sequanis
1142 1393 1266 1459 obsides
1291 1393 1366 1458 dare
1381 1396 1472 1459 nobi-

244 1503 383 1566 lissimos
407 1501 545 1565 civitatis
569 1503 602 1565 et
624 1501 827 1565 iureiurando
851 1501 1013 1565 civitatem
1036 1502 1248 1582 obstringere,
1273 1519 1341 1564 sese
1364 1520 1471 1583 neque

245 1606 368 1672 obsides
391 1608 582 1690 repetituros
605 1626 708 1688 neque
733 1608 885 1671 auxilium
910 1627 928 1672 a
950 1608 1066 1690 populo
1083 1607 1225 1671 Romano
1245 1607 1472 1688 imploraturos

243 1732 347 1795 neque
370 1716 580 1791 recusaturos,
605 1733 666 1795 quo
689 1714 796 1778 minus
819 1718 971 1797 perpetuo
995 1715 1054 1778 sub
1076 1714 1204 1777 illorum
1228 1713 1348 1777 dicione
1373 1715 1471 1796 atque

219 1819 375 1903 simperio
399 1822 514 1884 essent.
559 1821 669 1885 Unum
694 1839 727 1884 se
751 1839 819 1885 esse
844 1840 881 1884 ex
905 1821 991 1884 omni
1014 1820 1142 1885 civitate
1165 1819 1390 1896 Haeduorum,
1415 1821 1472 1902 qui

219 1926 360 1991 sadduci
382 1945 446 1988 non
468 1927 616 2008 potuerit,
639 1929 677 1990 ut
698 1915 820 1991 iuraret
836 1929 892 1990 aut
911 1928 1026 1991 liberos
1044 1945 1118 1991 suos
1135 1925 1258 1991 obsides
1282 1926 1381 1990 daret.
1421 1925 1471 1992 Ob

245 2051 316 2098 eam
339 2051 408 2096 rem
432 2051 465 2096 sc
490 2051 527 2096 ox
550 2033 678 2097 civitate
701 2033 878 2116 profugisse
903 2036 935 2098 et
950 2035 1086 2098 Romam
1110 2032 1151 2097 ad
1175 2033 1321 2096 senatum
1345 2033 1472 2097 venisse

245 2139 398 2203 auxilium
421 2140 629 2221 postulatum,
654 2140 738 2222 quod
762 2141 848 2204 solus
870 2159 974 2222 neque
998 2129 1200 2204 iureiurando
1223 2157 1328 2220 neque
1356 2139 1472 2204 obsidi-

202 2246 304 2309 sobus
328 2247 500 2309 teneretur.
536 2245 599 2310 sed
621 2247 713 2329 peius
736 2247 906 2311 victoribus
925 2246 1080 2328 Sequanis
1105 2264 1203 2327 quam
1219 2244 1361 2309 Haeduis
1378 2245 1471 2310 victis

245 2351 411 2428 accidisse,
435 2353 601 2434 propterea
632 2352 715 2433 quod
738 2353 932 2430 Ariovistus,
955 2335 1010 2416 rex
1034 2351 1280 2428 Germanorum,
1303 2352 1336 2415 in
1360 2370 1472 2416 eorum
1576 2337 1577 2380 ³

243 2457 360 2520 finibus
391 2458 600 2535 consedisset,
632 2459 825 2540 tertiamque
856 2462 981 2542 partem
1010 2459 1077 2542 agri
1109 2458 1265 2540 Sequani,
1297 2459 1352 2539 qui
1383 2461 1470 2522 esset

244 2563 383 2646 optimus
407 2564 505 2626 totius
522 2563 654 2641 Galliae,
679 2565 896 2647 occupavisset
920 2568 953 2630 et
975 2585 1060 2630 nunc
1083 2565 1121 2629 dc
1146 2565 1247 2628 altera
1266 2566 1357 2646 parto
1373 2565 1472 2628 tertia

243 2808 306 2859 esse,
324 2791 369 2859 at]
389 2792 447 2859 „sei
466 2809 494 2846 es
512 2792 592 2847 dahin
610 2794 771 2862 gekommen‚
791 2794 849 2848 dass
869 2796 937 2850 ...“.
957 2825 991 2834 -
1010 2796 1055 2849 cti
1135 2794 1269 2849 Humani
1286 2793 1405 2849 mercede
1423 2809 1471 2847 ar-

243 2881 422 2948 cesserentur]
441 2880 516 2935 Auch
535 2899 584 2936 von
603 2881 685 2937 Cesar
702 2883 804 2936 werden
823 2885 903 2937 alters
923 2883 1069 2938 Germanen
1087 2884 1115 2937 in
1133 2883 1196 2937 Sold
1213 2899 1374 2950 genommen.

317 2982 339 3024 5.
353 2970 449 3040 ,apros]
468 2970 534 3041 Xap.
554 2972 597 3039 28,
616 2971 641 3026 4.
668 3002 701 3011 -
727 2972 829 3040 cattus]
849 2972 1076 3040 „Lebensweise“.
1102 3002 1136 3010 —
1162 2971 1269 3039 copiae]
1287 2970 1346 3023 hier
1365 2970 1472 3037 „Wohl

243 3059 352 3113 etand“.
372 3088 405 3098 —
424 3061 543 3115 homiues
562 3060 629 3129 fert]
649 3061 711 3127 „die
725 3061 819 3115 wilden
834 3060 984 3116 Gesellen“.
1005 3089 1037 3098 -—
1056 3060 1157 3114 adamo
1176 3059 1297 3128 aliquid]
1317 3059 1381 3126 „ich
1399 3058 1470 3112 findo

243 3164 277 3201 an
295 3151 376 3201 etwas
396 3146 543 3203 Gesallen“.
563 3178 596 3188 —
616 3150 655 3203 ad
672 3151 827 3216 cameram]
846 3150 912 3220 Kap.
934 3151 975 3216 15,
995 3151 1019 3204 1.
1213 3159 1215 3164 '

317 3249 330 3289 s
345 3253 369 3286 u.
386 3249 408 3290 r.
427 3239 507 3292 semel
520 3243 601 3306 atque
614 3239 726 3306 iterum]
742 3255 796 3305 „zu
809 3239 994 3292 wiederholtsn
1007 3238 1125 3291 Melen“.
1143 3266 1180 3275 -
1198 3237 1283 3290 armis
1295 3235 1470 3302 contendere]

242 3323 309 3394 Xap.
331 3326 354 3391 1,
373 3325 399 3378 4.
419 3355 453 3362 —
472 3326 610 3394 amittere]
630 3326 817 3392 „einbtlsen“.
836 3328 921 3381 -In
941 3328 991 3381 den
1009 3327 1070 3395 folg.
1086 3326 1181 3380 Sttsen
1199 3327 1237 3379 ist
1249 3324 1386 3380 Haeduos
1403 3324 1471 3378 noch

243 3413 325 3482 Subj,
344 3430 376 3466 an
392 3413 439 3466 das
454 3414 509 3466 sich
523 3415 620 3482 pulsos
634 3416 856 3483 („geschlagen“)
870 3417 925 3470 und
938 3416 1043 3482 fractos
1056 3415 1289 3483 („gesehweoht“)
1302 3413 1420 3466 enlehnt.
1435 3441 1469 3450 -

238 3502 343 3570 'quibas
351 3501 479 3568 proeliis]
494 3500 559 3554 Gieb
574 3502 624 3555 den
638 3503 764 3557 relatives
773 3505 917 3559 Anschlnls
932 3505 987 3558 auf!
1008 3505 1136 3558 Pritdilrat
1149 3504 1195 3557 des
1206 3503 1296 3556 Setzes
1310 3503 1348 3555 ist
1361 3507 1473 3556 coactos

242 3605 304 3644 essa
325 3618 358 3626 —
377 3589 437 3658 qut]
455 3589 514 3642 Wir
531 3589 623 3643 fabren
642 3591 729 3644 solcho
746 3590 908 3661 Gegensttae
926 3594 976 3646 mit
995 3593 1156 3660 ‚,wthrend“
1176 3593 1226 3646 ein.
1246 3621 1280 3630 —
1295 3591 1399 3660 populi
1412 3589 1470 3644 Rc-
1572 3597 1573 3662 l

242 3678 331 3745 mosot]
356 3678 450 3746 gehdrt
468 3679 534 3731 auch
560 3697 591 3731 zu
615 3680 740 3735 amicitia
766 3682 834 3747 (hier
853 3681 1296 3750 „Bundesgenossenschaft“).‹-
1314 3679 1472 3758 pluqra'mrcm

238 3767 408 3838 putruissent]
433 3767 498 3837 Xap.
518 3769 550 3834 3,
570 3769 594 3822 6.
621 3798 654 3807 -
679 3770 872 3839 nobilissimos]
897 3771 945 3824 wic
963 3770 1029 3840 Xap.
1049 3772 1074 3837 7,
1092 3771 1118 3824 3.
1144 3800 1177 3809 —
1203 3767 1408 3824 iureiurando
1426 3767 1471 3822 ob·

242 3855 388 3926 stinguere]
407 3856 524 3923 „eidlich
537 3857 669 3924 binden“;
689 3859 736 3912 der
748 3857 839 3912 Inhalt
856 3859 903 3913 dos
916 3859 994 3914 Hides
1012 3860 1081 3928 folgt
1094 3860 1129 3912 im
1143 3857 1204 3913 Aac.
1218 3859 1269 3912 mit
1281 3858 1331 3912 Inf.
1351 3885 1385 3896 -
1405 3871 1472 3925 quc-

241 3944 346 4011 mbucs]
364 3945 404 3998 Im
417 3945 571 4013 Deutschon¹
585 3947 667 4000 nimm
686 3948 735 4001 den
750 3947 869 4002 Infinitiv
882 3949 932 4002 mit
945 3950 1035 4016 „zu“!
1055 3979 1089 3987 -
1109 3948 1194 4015 dicio]
1215 3945 1471 4014 „Botmtisigkeit“.

315 4044 339 4088 θ.
364 4050 439 4088 smus
461 4050 536 4102 scm,
561 4035 621 4104 qai]
646 4037 741 4103 (salton
765 4039 835 4090 statt
859 4037 905 4090 des
928 4036 1029 4090 blossen
1048 4037 1133 4102 anses)
1152 4037 1216 4105 „ich
1234 4036 1280 4089 bin
1298 4034 1344 4087 der
1362 4034 1472 4102 einzige,
1571 4037 1572 4056 ¹

242 4122 318 4176 der“.
338 4151 371 4161 -
389 4122 498 4191 iurare]
517 4125 584 4177 nach
602 4124 662 4179 Anl.
681 4125 713 4179 U.

315 4223 338 4264 9.
353 4213 539 4282 postulatam]
558 4214 595 4266 ist
613 4213 747 4284 Supinum.
768 4245 800 4252 -
821 4215 919 4282 terrere]
940 4216 1100 4283 „gebunden
1119 4217 1205 4270 sein“.

317 4311 356 4354 ro.
372 4302 454 4369 peius
472 4303 588 4370 cecidit]
607 4303 673 4373 Kap.
692 4304 735 4370 30,
755 4305 779 4357 2.
805 4333 838 4342 —
862 4304 1013 4371 comittere]
1039 4306 1116 4372 „sich
1134 4305 1306 4360 fostsotaen“.
1331 4338 1367 4348 -
1391 4317 1472 4357 occa·

237 4389 320 4459 pare]
341 4389 389 4457 „in
407 4390 537 4459 Beschlag
554 4392 663 4444 nahmen
671 4393 695 4447 ⁶⁶.
714 4421 748 4430 -
768 4393 858 4446 attera
872 4409 945 4462 pars
963 4395 1058 4463 tertia]
1079 4395 1148 4462 „das
1167 4395 1256 4450 aweite
1274 4393 1416 4448 Dritteil“.
1436 4423 1473 4433 -
