3086 4920
532 383 630 439 Comm.
648 383 707 452 VII,
726 401 747 439 c.
766 385 880 440 57-60.
1268 379 1320 444 291

80 546 147 628 ipsi
170 544 308 629 profecti
331 563 349 608 a
371 544 487 628 palude
512 545 551 610 ad
575 546 661 629 ripas
686 545 853 628 Sequanae
870 546 1030 628 eregione
1045 546 1192 612 Lutetiae
1209 550 1319 613 contra

79 653 223 717 Labieni
247 655 352 717 castra
375 651 553 716 considunt.
787 633 792 649 ¹

176 759 250 823 Iam
274 758 392 824 Caesar
422 757 622 840 aGergoria
652 757 834 823 discessisse
865 759 1068 838 audiebatur,
1096 759 1160 824 iam
1191 759 1229 825 de
1258 763 1373 826 Acuti

79 867 227 932 duorum
252 865 425 930 defectione
450 866 483 929 et
507 865 645 929 secundo
670 863 792 929 Galliae
816 867 906 930 motu
930 883 1073 930 rumores
1097 865 1318 944 afferebantur,

81 974 239 1055 Gallique
269 973 303 1036 in
337 972 502 1054 colloquiis
536 971 747 1037 interclusum
781 972 894 1037 itinere
934 974 968 1037 et
1000 973 1113 1055 Ligere
1148 973 1318 1040 Caesarem

80 1081 196 1164 inopia
219 1079 374 1144 frumenti
396 1080 544 1144 coactum
572 1079 606 1143 in
634 1079 830 1162 provinciam
853 1079 1054 1145 contendisse
1078 1080 1318 1145 confirmabant.

79 1187 250 1253 Bellovaci
274 1188 383 1251 autem
406 1185 580 1251 defectione
602 1185 787 1250 Aeduorum
811 1187 953 1268 cognita,
978 1187 1033 1268 qui
1054 1188 1120 1252 iam
1136 1189 1209 1253 ante
1226 1189 1343 1252 orante

79 1315 142 1379 per
167 1313 203 1359 se
227 1292 379 1370 infideles,
401 1311 517 1357 manus
541 1311 652 1375 cogere
676 1295 773 1374 atque
798 1296 906 1376 aperte
929 1293 1050 1358 bellum
1072 1311 1185 1377 parare
1209 1313 1318 1377 coepe-

79 1394 172 1468 ruint.
220 1402 303 1465 Tum
325 1400 485 1465 Labienus
508 1401 600 1464 tanta
622 1418 729 1464 rerum
754 1401 1003 1465 commutatione
1031 1401 1124 1482 longe
1148 1401 1234 1464 aliud
1258 1400 1342 1465 sibis

77 1508 279 1593 capiendum
302 1507 479 1584 consilium,
503 1509 599 1589 atque
616 1508 711 1571 antea
727 1509 880 1585 senserat,
902 1507 1110 1590 intellegebat
1124 1526 1228 1589 neque
1243 1507 1341 1585 iam,o

78 1619 119 1682 ut
154 1613 278 1696 aliquid
312 1615 492 1696 acquireret
525 1615 708 1696 proelioque
742 1613 851 1678 hostes
880 1615 1070 1692 lacesseret,
1108 1613 1164 1678 sed
1198 1616 1235 1678 ut
1269 1614 1318 1678 in·

76 1726 247 1790 columem
285 1722 458 1786 exercitum
495 1722 693 1803 Agedincum
730 1721 911 1798 reduceret,
949 1721 1117 1803 cogitabat.
1169 1720 1341 1802 Namquea

78 1833 190 1896 altera
215 1847 253 1893 ex
275 1830 367 1912 parte
389 1827 565 1904 Bellovaci,
597 1845 678 1909 quae
701 1828 814 1892 civitas
837 1828 871 1891 in
895 1827 1001 1893 Gallia
1023 1829 1196 1892 maximam
1219 1825 1316 1892 habet

77 1937 269 2022 opinionem
291 1935 430 2011 virtutis,
453 1934 634 2011 instabant,
666 1935 801 1998 alteram
825 1933 1058 2015 Camulogenus
1081 1936 1194 2017 parato
1218 1936 1315 2016 atquo

78 2045 246 2109 instructo
278 2042 416 2106 exercitu
444 2041 592 2116 tenebat3
628 2044 699 2106 tum
727 2042 869 2123 legiones
900 2059 919 2105 a
946 2041 1102 2124 praesidio
1131 2043 1228 2123 atquo
1257 2042 1318 2118 im-

77 2149 279 2236 pedimentis
302 2149 492 2213 interclusas
515 2149 691 2212 maximum
713 2147 834 2212 fiumen
858 2147 1038 2212 distinebat.
1076 2148 1186 2212 Tantis
1210 2147 1341 2212 subitoo

77 2255 330 2323 difficultatibus
347 2255 477 2320 obiectis
494 2256 533 2320 ab
550 2255 648 2319 animi
663 2255 780 2319 virtute
798 2254 951 2318 auxilium
966 2253 1141 2337 petendum
1156 2254 1294 2320 ridebat.

178 2362 247 2427 Sub
277 2380 445 2445 vesperum
475 2362 604 2426 consilio
635 2363 805 2425 convocato
840 2361 1039 2438 cohortatus,
1075 2362 1112 2425 ut
1146 2379 1198 2439 ea,
1234 2380 1316 2442 quae
1326 2364 1370 2424 tt

77 2470 293 2555 imperasset,
329 2468 497 2550 diligenter
531 2467 751 2550 industrieque
784 2467 1062 2545 administrarent,
1091 2486 1204 2545 nares,
1235 2486 1315 2549 quas

78 2576 263 2644 Metiosedo
301 2575 488 2651 deduxerat,
527 2574 669 2656 singulas
709 2574 869 2656 equitibus
907 2574 1059 2638 Romanis
1098 2574 1246 2639 attribuit
1283 2576 1316 2639 et

77 2686 190 2769 prima
223 2681 365 2747 confecta
394 2681 502 2763 vigilia
532 2682 684 2763 quattuor
713 2681 802 2744 milia
831 2699 987 2764 passuum
1016 2680 1154 2745 secundo
1183 2679 1315 2745 flumine

80 2791 215 2857 silentio
244 2788 391 2872 progredi
419 2788 527 2870 ibique
558 2806 591 2852 se
623 2788 798 2871 exspectari
834 2787 931 2852 iubet.
978 2786 1126 2868 Quinque
1161 2787 1340 2864 cohortes,2

79 2914 301 2926 .-.---.-

79 2981 249 3046 vollstiindig
266 2981 376 3035 hindber
395 2983 441 3036 auf
456 2983 504 3036 das
521 2983 611 3036 rechte
629 2982 693 3036 Ufer
711 2982 757 3036 der
775 2982 908 3052 Sequana,
934 2999 972 3036 wo
992 2999 1020 3036 er
1045 2981 1115 3036 dann
1138 2981 1315 3036 flulsabrrtrts

80 3072 251 3127 marschiert.
272 3101 305 3110 -
324 3087 338 3125 e
355 3073 465 3141 regione
545 3071 651 3141 conto]
671 3074 841 3142 „gegentiber
924 3071 1104 3138 angesichts“.

159 3160 238 3228 Kap.
258 3161 307 3218 bt).
348 3173 370 3215 1.
388 3160 507 3216 eeucado
588 3162 675 3229 motu]
695 3161 766 3216 ahnl.
782 3162 829 3215 wie
842 3160 908 3232 Kap.
923 3161 967 3228 53,
981 3162 999 3215 2
1013 3160 1120 3230 proelio
1138 3159 1265 3215 secundo.
1281 3188 1315 3198 -

78 3257 108 3305 et
128 3247 243 3319 Lipare]
261 3249 335 3318 gisla
352 3266 466 3318 genauer
484 3267 525 3315 an,
543 3249 640 3304 welche
658 3249 829 3304 Marsohlinie
846 3251 962 3319 gemeint
980 3251 1024 3304 ist.

161 3349 247 3391 2·r.
267 3345 316 3407 qut
396 3336 530 3405 infideles]
556 3337 618 3391 Wer
637 3354 690 3392 war
709 3338 789 3393 schon
806 3340 900 3393 vorher
918 3356 951 3392 an
970 3339 1026 3393 sich
1044 3337 1261 3407 unaurorliissig?
1280 3367 1315 3376 -

81 3425 157 3495 iam]
176 3425 276 3495 „jetat,
295 3426 359 3480 da“.
382 3453 412 3464 ·-
431 3426 513 3481 aliud
593 3427 688 3495 atque]
706 3426 773 3497 Kap.
793 3428 835 3494 14,
854 3428 880 3482 2.
905 3458 938 3467 -
962 3427 1028 3497 alqd
1047 3427 1199 3496 aequam]
1220 3427 1316 3494 „einen

79 3517 210 3571 weiteren
228 3515 318 3584 Erfolg
336 3515 490 3584 erlangen“.
510 3546 545 3555 -
564 3521 694 3585 cogitare,
713 3517 758 3585 ut]
778 3517 895 3584 „darauf
910 3517 1020 3586 denken,
1040 3518 1087 3571 wie
1106 3517 1175 3572 ...“.

160 3618 184 3659 a,
204 3620 275 3674 quac
293 3604 405 3672 civitas]
428 3604 453 3658 S.
472 3604 539 3675 Kap.
558 3606 584 3672 3,
602 3606 620 3660 3
638 3605 712 3675 qood
729 3606 859 3674 epatium.
886 3633 919 3643 -
944 3606 1094 3661 monimum
1112 3605 1192 3659 babet
1209 3605 1316 3674 opinio-

78 3711 146 3750 uem
164 3694 292 3761 virtutis]
319 3709 368 3760 „er
385 3693 424 3746 ist
441 3693 502 3748 sehr
520 3694 643 3747 beriihmt
661 3711 749 3763 uegen
768 3695 853 3748 seiner
870 3693 1050 3764 Tapterlreit“.
1077 3721 1109 3732 -
1137 3695 1253 3748 aduam

81 3782 209 3851 tenebat]
233 3782 288 3836 Das
306 3782 421 3837 Verbum
439 3783 560 3851 beweist,
581 3783 638 3836 dass
657 3782 739 3838 Cesar
756 3784 798 3836 bei
817 3784 934 3838 alteram
952 3799 986 3836 an
1005 3783 1052 3836 das
1070 3783 1166 3837 andere
1183 3782 1316 3837 Flussuler

80 3871 183 3938 denht,
203 3871 313 3926 welches
331 3871 527 3941 Kamulogenus
544 3873 595 3926 mit
613 3872 833 3942 hampibereitem
852 3873 906 3926 und
924 3871 1153 3940 wohlgortistetem
1171 3872 1255 3926 Heere
1273 3871 1315 3925 be·

81 3964 156 4016 setzt
182 3960 258 4014 hielt
287 3990 321 3999 -
349 3977 368 4014 a
390 3960 546 4029 praesidio]
575 3961 680 4014 Welehe
703 3961 982 4030 Besatzungstruppon
1009 3961 1126 4028 gemeint
1150 3960 1225 4028 sind,
1251 3959 1316 4013 rrird

80 4049 169 4104 durch
188 4049 239 4103 den
257 4049 353 4104 Zusatz
371 4049 568 4118 impedimenta
585 4049 651 4105 klar.
678 4079 711 4090 -
736 4050 902 4104 interclusas
921 4047 1082 4118 dictitabat]
1101 4048 1139 4103 ist
1157 4049 1315 4103 nachdrlioh·

80 4140 168 4194 lichen
187 4139 241 4192 und
259 4138 457 4192 anschaulicher
475 4139 514 4192 als
532 4139 630 4193 blosses
647 4139 815 4194 interclusas
895 4139 1011 4193 tenebat.

159 4239 184 4280 o.
209 4226 293 4296 otia]
322 4229 591 4295 „entgegentreten“.
620 4257 654 4268 -
678 4227 769 4281 animi
794 4226 896 4294 uirtus]
923 4225 983 4280 Nur·
1005 4226 1088 4282 durch
1111 4227 1186 4281 einen
1210 4226 1316 4280 klihnen

81 4315 242 4371 Entschluls
260 4316 330 4370 kann
347 4333 377 4369 er
395 4317 450 4370 sich
468 4317 563 4371 hellen.

159 4403 238 4472 Kap.
256 4405 302 4460 oo.
344 4417 365 4460 1.
390 4405 512 4473 cilentio]
537 4405 597 4458 Das.
610 4405 707 4459 lonnte
726 4421 755 4459 so
778 4405 806 4458 in
831 4405 896 4459 aller
914 4403 991 4458 Stille
1016 4404 1070 4459 und
1095 4402 1249 4458 unbemorht
1272 4417 1322 4470 ge·

139 4493 198 4547 Iun.
213 4493 288 4550 cius.
302 4495 381 4550 Brenn.
397 4494 478 4550 Gnnn.
514 4493 561 4548 ΠΙ.
1067 4494 1102 4548 20
