3086 4920
217 351 270 412 208
571 369 576 376 ·
699 353 743 419 :De
761 353 829 406 hello
848 351 946 406 Gallico

166 521 206 582 21
308 517 484 580 (lornant
507 515 646 580 multum
669 515 708 578 ab
728 513 1029 578 hacconsuetudine
1047 511 1204 577 differunt.
1236 513 1320 576 Nam
1335 531 1445 594 neque

220 622 346 686 druides
369 622 497 697 hahent,
520 621 576 703 qui
591 620 684 684 rebus
701 620 814 684 divinis
830 620 979 702 praesint,
1001 638 1104 701 neque
1120 619 1282 684 sacrificiis
1300 619 1446 684 student.

185 733 207 790 x2
218 729 359 793 Deorum
381 746 513 793 numero
537 746 589 792 eos
613 727 695 791 solos
719 725 848 804 ducunt,
873 745 951 808 quos
975 727 1110 791 cernunt
1129 727 1161 789 et
1178 745 1315 807 quorum
1331 728 1447 808 aperte

219 835 329 918 opibus
352 835 511 911 iurantur,
536 833 641 898 Solem
665 834 697 897 et
712 832 894 898 Vulcanum
917 835 949 896 et
964 833 1103 906 Lunam
1127 833 1266 915 reliquos
1289 851 1329 897 ne
1354 833 1449 896 ferna

193 941 347 1024 squidem
370 942 567 1023 acceperunt.
598 939 675 1004 Vita
696 940 796 1004 omnis
816 940 850 1003 in
865 939 1084 1004 venationibus
1100 941 1196 1021 atque
1213 939 1246 1002 in
1263 938 1381 1003 studiis
1400 940 1450 1003 rei

193 1048 364 1112 ‹mihicris
379 1047 552 1121 consistit3
577 1047 616 1111 ah
638 1047 778 1129 parvulis
799 1045 899 1111 labori
915 1065 951 1110 ac
967 1045 1101 1109 duritiae
1118 1045 1260 1110 student.
1292 1044 1355 1123 Qui
1374 1045 1449 1109 diu-

218 1154 340 1218 tissime
363 1154 542 1236 impuberes
565 1154 818 1236 permanserunt,
841 1153 1013 1217 maximam
1035 1153 1118 1216 inter
1142 1170 1215 1216 suos
1240 1151 1348 1216 ferunt
1374 1153 1449 1216 lau·

218 1260 307 1335 dem;
341 1260 401 1324 hoo
431 1260 473 1324 ali
504 1260 677 1336 staturam,
712 1259 754 1323 ali
783 1259 865 1323 vires
899 1277 1075 1340 nervosque
1106 1258 1285 1323 confirmari
1314 1260 1449 1341 putent.

194 1366 307 1430 sIntra
337 1385 457 1430 annum
479 1385 553 1430 vero
576 1366 762 1431 vicesimum
791 1364 926 1430 feminac
955 1365 1103 1429 notitiam
1131 1365 1280 1429 habuisse
1310 1365 1343 1427 in
1376 1367 1450 1429 tur·

217 1472 356 1556 pissimis
378 1474 499 1537 hahent
526 1473 631 1537 rebus.
677 1471 776 1538 Cuius
805 1473 851 1535 rei
879 1472 969 1535 nulla
999 1474 1048 1536 est
1077 1471 1262 1548 occultatio,
1293 1472 1381 1552 quod
1416 1474 1449 1536 et

218 1579 395 1662 promiscue
419 1579 451 1642 in
474 1578 657 1643 fluminibus
681 1579 872 1661 perluuntur
889 1580 921 1642 et
937 1579 1072 1661 pellibus
1089 1579 1145 1642 aut
1160 1578 1267 1660 parvis
1282 1597 1449 1643 renonum

219 1686 400 1767 tegimentis
425 1687 560 1749 utuntur
582 1703 700 1766 magna
723 1684 860 1766 corporis
883 1686 973 1767 parte
996 1684 1090 1748 nudo.

165 1797 207 1858 22
307 1792 529 1874 Agriculturae
545 1810 608 1855 non
625 1790 763 1866 student,
785 1791 949 1871 maiorque
964 1809 1037 1873 pars
1055 1809 1163 1855 eorum
1178 1792 1283 1856 rictus
1299 1792 1333 1854 iu
1347 1793 1448 1869 lacte,

193 1917 318 1976 rcaseo,
334 1917 427 1963 carne
443 1899 595 1963 consistit.
619 1898 731 1979 Neque
748 1898 917 1978 quisquam
935 1897 1002 1978 agri
1014 1897 1144 1961 modum
1156 1900 1282 1961 certum
1294 1901 1350 1962 aut
1362 1899 1446 1963 fines

217 2005 315 2070 habet
334 2005 490 2088 proprios;
514 2004 569 2068 sed
590 2005 798 2084 magistratus
818 2022 854 2067 ac
872 2004 1028 2086 principes
1044 2004 1077 2067 iu
1093 2022 1192 2068 annos
1209 2005 1349 2086 singulos
1367 2025 1447 2087 geu·

218 2112 303 2175 tibus
324 2111 625 2193 cognationibusque
647 2111 821 2188 homiuum,
846 2112 962 2192 quique
978 2111 1208 2188 unscoierunt,
1234 2115 1394 2192 quantum
1412 2117 1445 2177 et

702 2306 729 2370 b)
753 2305 819 2374 Kap.
839 2305 953 2358 21-28.

290 2401 367 2472 Kap.
388 2403 439 2458 21.
481 2414 531 2457 1u.
549 2413 571 2456 2.
592 2403 715 2470 differre]
735 2402 931 2469 „abueichen“.
952 2432 985 2441 -
1008 2418 1051 2457 res
1070 2401 1193 2470 diuinae]
1212 2402 1279 2472 Kap.
1299 2404 1343 2466 13,
1360 2404 1388 2456 4.
1411 2432 1444 2440 -

215 2507 342 2562 praeesse
356 2492 407 2559 rec]
428 2509 481 2558 „zu
494 2491 574 2546 leiten
589 2491 703 2546 hahsn“.
719 2519 750 2528 -
770 2490 891 2560 studere]
910 2491 976 2561 Kap.
993 2491 1073 2578 14‚·4‚
1089 2521 1120 2530 —
1140 2492 1266 2559 numero]
1281 2491 1311 2558 V,
1327 2491 1352 2556 5,
1367 2493 1395 2546 4.
1410 2521 1443 2528 -

218 2581 314 2636 iuvant
331 2580 370 2649 re]
390 2599 460 2648 „von
478 2584 559 2635 etwas
577 2580 678 2634 Vorteil
696 2581 811 2635 hahen“.

292 2683 344 2724 sn.
361 2682 384 2723 4.
403 2669 517 2739 stadiis]
535 2670 594 2723 Den
607 2670 697 2723 Plurol
710 2687 759 2723 von
778 2669 938 2724 exercitatio
956 2668 1058 2722 weudet
1071 2667 1099 2723 C.
1118 2668 1193 2722 nicht
1211 2685 1253 2723 an.
1272 2697 1308 2708 —·
1326 2669 1360 2722 at
1371 2687 1443 2738 par-

218 2759 301 2828 uulis]
321 2759 419 2813 saltone
432 2757 660 2813 Ausdrucksueise
678 2758 720 2811 fiir
737 2777 756 2812 a
770 2758 881 2825 pucris3
901 2774 922 2812 s.
936 2757 982 2823 Ν,
998 2758 1022 2823 1,
1037 2758 1061 2812 9.
1082 2785 1115 2795 -
1134 2757 1258 2824 impubes
1272 2759 1442 2826 permansit]

219 2866 269 2917 „er
286 2848 335 2902 hat
352 2848 394 2901 dis
411 2847 573 2901 Keuschheit
590 2847 737 2901 hewahrt“.
761 2876 795 2884 -
818 2845 925 2913 ferunt]
944 2845 1010 2916 Kap.
1029 2845 1054 2911 4,
1074 2845 1098 2900 5.
1118 2831 1156 2882 ’-
1179 2845 1233 2915 ati]
1252 2846 1298 2912 Ν,
1319 2848 1343 2912 1,
1361 2847 1388 2900 4.
1410 2877 1442 2885 -
1541 2855 1542 2860 ’

217 2938 308 3006 couci]
327 2937 385 2991 sind
404 2936 478 2990 nicht
496 2935 537 2989 die
555 2934 666 2989 Nerven.

292 3040 315 3080 s.
338 3025 426 3092 iutra]
452 3025 573 3078 dicessits
591 3049 626 3068 =
645 3041 689 3077 vor
711 3024 788 3090 (auch
811 3023 852 3076 bei
875 3023 945 3076 einer
968 3022 1103 3076 zeitlichen
1123 3021 1241 3088 Grande).
1271 3053 1302 3061 -
1326 3025 1444 3092 notitia]

219 3116 357 3184 „Umgang
370 3115 420 3168 mit
435 3115 499 3170 ...“.
519 3143 551 3152 —-
571 3113 602 3166 isc
668 3112 758 3180 rebus]
778 3115 894 3166 ersetzen
908 3112 955 3164 wir
968 3111 1050 3164 durch
1070 3113 1207 3177 „otwas“;
1227 3129 1259 3166 zu
1273 3114 1445 3181 turpissimis

219 3222 240 3259 s.
258 3204 325 3275 Kap.
341 3205 383 3272 18,
397 3205 422 3258 3.
442 3231 476 3242 -
495 3203 576 3258 cuius
593 3202 634 3256 rei
699 3201 858 3268 occultatio]
878 3200 931 3266 „In
949 3200 1033 3254 dieser
1045 3199 1196 3270 Beziehung
1210 3201 1293 3255 findet
1305 3202 1367 3254 kein
1380 3201 1445 3255 Ver-

218 3294 308 3348 hiillen
322 3294 420 3347 statt“.
438 3320 468 3330 -
484 3291 569 3361 quod]
586 3291 706 3358 „denn“.
723 3317 754 3328 —
770 3289 937 3358 promiscue]
953 3288 1244 3358 ‚,gemeiuschsftlich“.
1261 3320 1293 3328 -
1306 3306 1444 3345 renonum

220 3379 378 3451 tegimenta]
402 3381 457 3435 Aus
476 3381 535 3434 Peli
554 3379 712 3433 bsstehende
730 3379 834 3432 Deelren
852 3379 911 3432 siud
930 3405 964 3416 -
982 3377 1148 3432 Pelideoken.
1174 3408 1208 3417 -
1233 3387 1338 3448 magnii
1357 3385 1445 3447 parte

218 3468 309 3539 nude]
328 3469 388 3524 sind
406 3470 525 3524 absolute
543 3468 602 3523 Abl.

290 3565 367 3635 Kap.
388 3567 439 3622 22.
480 3580 502 3622 ¹.
525 3567 614 3622 maior
628 3582 699 3634 pars
716 3565 817 3632 uictus]
843 3565 977 3618 Entnimm
1000 3565 1035 3618 im
1054 3564 1205 3618 Doutsehcn
1223 3581 1271 3619 uus
1288 3565 1377 3620 uictis
1396 3566 1445 3619 das

219 3656 330 3726 Subjelrt
348 3657 402 3710 und
420 3673 467 3710 aus
485 3658 574 3710 maior·
589 3673 659 3726 pars
677 3656 718 3709 ein
737 3655 852 3709 Adverb!
873 3672 904 3708 zu
922 3655 1012 3709 maior
1030 3671 1051 3708 s.
1068 3655 1148 3722 prior
1166 3653 1198 3718 V,
1217 3656 1260 3720 23,
1279 3654 1304 3707 4.

292 3757 315 3800 a.
334 3761 420 3813 coque
439 3745 594 3814 quisquam]
614 3745 720 3799 iihnlich
738 3744 785 3798 wie
802 3760 887 3813 neque
905 3744 1052 3812 quicquam
1069 3742 1114 3810 IV,
1133 3743 1176 3809 20,
1195 3744 1221 3797 3.
1242 3771 1274 3780 -
1293 3743 1361 3808 fines
1375 3761 1446 3811 pro·

215 3835 288 3904 poti]
309 3833 586 3902 „Grundeigentum“.
606 3861 639 3871 —
658 3835 690 3887 iu
704 3850 792 3888 amoos
806 3832 941 3902 singulos]
958 3832 1005 3885 Bei
1020 3832 1067 3886 der
1080 3821 1262 3900 Uhersetzuug
1275 3849 1324 3886 von
1337 3833 1446 3901 singuli

219 3923 371 3978 verwenden
390 3922 437 3976 wir
455 3922 493 3976 oft
511 3922 693 3991 „jedosmal“;
712 3939 744 3975 zu
762 3923 794 3976 iu
812 3939 833 3975 s.
851 3921 897 3987 Ν,
911 3922 954 3988 29,
969 3919 987 3974 4
1005 3922 1037 3975 ic
1056 3920 1171 3976 lumem.
1191 3951 1225 3959 -
1242 3919 1382 3990 gentibus]
1402 3922 1446 3974 be·

220 4012 337 4066 zeiehnet
354 4011 411 4064 hier
429 4011 470 4064 dic
489 4011 622 4065 einzelnen
641 4009 825 4065 Gesehlcehter
844 4009 890 4063 des
908 4009 1012 4076 Volkes,
1031 4009 1126 4063 welche
1144 4009 1228 4062 durch
1246 4009 1363 4063 mehrere
1381 4009 1446 4062 Ver·

219 4100 427 4156 wandtschaften
446 4123 481 4144 =
499 4099 596 4170 Sippen
613 4099 731 4169 gebildet
748 4099 859 4153 werden.
884 4129 917 4136 —
940 4100 1042 4168 quique
1060 4115 1120 4152 uno
1137 4097 1274 4164 coierunt]
1293 4122 1325 4142 =
1345 4099 1445 4166 iisque,

218 4191 268 4260 qai
286 4208 314 4244 a.
333 4206 355 4244 c.
392 4188 553 4243 Vereiuzelte
567 4189 648 4242 Leute
663 4187 918 4243 cderverschiedene
931 4188 1046 4241 kleinere
1059 4187 1160 4254 Kreisc,
1179 4187 1220 4240 die
1238 4187 1312 4240 nieht
1324 4203 1355 4239 zu
1372 4187 1446 4240 einer
1540 4235 1541 4264 ,

219 4279 297 4350 Sippe
310 4279 444 4348 gehdrten‚
464 4277 557 4331 thstsn
576 4277 631 4331 sich
649 4295 681 4331 zu
695 4278 792 4331 diesem
806 4276 909 4330 Zweclre
924 4293 1079 4332 zusammen.
1100 4306 1132 4315 -
1151 4281 1287 4346 quantum
1366 4277 1444 4345 ayn]
1540 4269 1541 4318 l

219 4393 253 4414 =
272 4374 384 4424 tautam
402 4368 474 4440 agri,
493 4372 635 4437 quactum.
654 4396 687 4405 -
708 4367 775 4434 alic]
795 4366 868 4420 steht
885 4366 932 4419 auf
948 4365 988 4419 die
1008 4365 1090 4434 Frage
1108 4365 1215 4419 wohin?
