3086 4920
225 360 280 423 200
719 360 759 413 De
777 360 845 413 bollo
863 358 963 414 Gallioo

202 523 295 606 rpiis,
318 541 396 604 quas
418 521 603 603 oodgissenb,
625 520 753 603 penitus
771 520 810 584 ad
827 522 984 584 extremos
998 519 1078 583 fines
1096 538 1129 584 se
1145 522 1317 603 reaepisse3
1341 522 1445 586 siluam

227 647 296 694 esse
319 628 362 692 ibi
385 627 509 692 infinita
530 626 760 708 magnitudine,
784 644 865 707 quae
890 626 1071 708 appellatur
1086 625 1237 702 Baeenis3
1259 627 1344 691 hano
1362 629 1445 708 longa

226 736 382 798 introrsus
416 734 575 816 pertinere
606 735 638 796 ei
667 750 723 815 pro
752 733 860 796 nativo
895 751 988 796 muro
1019 733 1176 797 obiectam
1207 732 1384 798 Cheruscos
1412 735 1447 798 ab

228 841 340 906 Suebis
372 839 555 920 Suebosque
587 838 627 902 eb
657 838 826 903 Cheruscis
860 838 983 902 iniuriis
1018 839 1316 920 incursionibusque
1350 841 1474 922 probi·

226 950 317 1012 bere:
349 947 389 1012 ad
420 947 487 1010 eius
516 945 644 1009 initium
675 945 772 1009 silvae
802 944 922 1010 Suebos
953 945 1126 1009 adventum
1154 945 1374 1010 Romanorum
1403 965 1448 1010 er·

228 1056 369 1137 spectare
394 1052 605 1118 eonstituisse.

174 1164 215 1224 ll
316 1162 499 1240 moniam
522 1157 562 1221 ad
584 1159 670 1222 huno
692 1157 799 1221 looum
822 1159 1011 1240 perventum
1035 1159 1098 1234 esi,
1127 1177 1191 1222 non
1214 1158 1358 1222 alienum
1386 1177 1447 1223 esse

227 1267 353 1332 videtur
383 1266 421 1330 de
446 1265 567 1330 Galliae
591 1263 844 1345 Germaniaeque
873 1265 1014 1328 moribus
1046 1265 1093 1342 ed,
1124 1282 1186 1345 quo
1216 1263 1367 1328 differani
1394 1265 1446 1328 hue

203 1374 370 1437 marrones
393 1373 478 1436 inter
501 1390 586 1445 sese,
615 1389 797 1453 proponere.
841 1369 881 1434 In
904 1369 1009 1435 Gallia
1032 1390 1096 1435 non
1119 1372 1224 1436 solum
1250 1372 1285 1434 in
1309 1373 1447 1436 omnibus

228 1479 409 1543 eivitabibus
433 1479 529 1558 atquo
551 1478 585 1540 in
609 1476 755 1541 omnibus
778 1477 868 1559 pagis
891 1477 1116 1559 partibusque,
1146 1477 1202 1541 sed
1231 1496 1333 1559 paene
1358 1480 1445 1542 eiiam

203 1585 260 1649 ain
284 1584 417 1666 singulis
441 1583 587 1647 domibus
610 1581 763 1647 factiones
787 1584 878 1657 suni,
901 1601 1075 1664 earumque
1098 1583 1274 1647 faotionum
1296 1585 1447 1667 principes

228 1693 312 1768 sunt,
336 1691 391 1772 qui
415 1708 575 1754 summam
590 1689 815 1753 auotoriiuiem
831 1707 941 1752 eorum
956 1689 1073 1753 iudioio
1088 1690 1204 1754 habere
1221 1690 1447 1766 existimantur,

228 1814 363 1880 quorum
394 1796 434 1860 ad
464 1796 630 1859 arbitrium
661 1794 876 1876 iudiciumque
907 1814 1036 1860 summa
1066 1796 1208 1860 omnium
1242 1815 1353 1860 rerum
1382 1816 1446 1861 oon·

203 1904 432 1983 esiliorumque
463 1901 590 1976 redeam
623 1901 719 1983 idque
750 1902 818 1965 eius
848 1901 894 1965 rei
924 1920 1021 1966 eausa
1055 1902 1234 1983 antiquitus
1269 1903 1448 1966 institutum

227 2009 369 2086 videtur,
391 2027 432 2072 ne
456 2010 527 2090 quis
551 2028 588 2073 ex
610 2008 701 2091 plebe
726 2009 836 2072 eontra
857 2009 1069 2091 potentiorem
1092 2008 1200 2072 auxilii
1222 2011 1349 2089 egerem
1379 2027 1446 2072 suos

229 2116 313 2180 enim
337 2115 471 2196 quisque
495 2115 629 2197 opprimi
652 2116 685 2178 ed
707 2113 926 2178 oiroumveniri
956 2133 1020 2178 non
1048 2114 1186 2196 patitur,
1213 2132 1337 2195 neque,
1366 2115 1449 2178 aliber

204 2223 257 2285 osi
278 2221 384 2298 faeiat,
407 2221 508 2284 ullam
530 2222 614 2285 inter
637 2238 711 2284 suos
734 2221 832 2284 habet
855 2221 1088 2284 austeritatem.
1126 2221 1215 2284 Haeo
1238 2220 1353 2285 eadem
1375 2221 1449 2284 ratio

228 2331 278 2392 est
299 2328 332 2391 in
356 2346 483 2392 summa
505 2328 603 2391 totius
628 2326 768 2401 Galliam
798 2345 937 2408 namque
968 2345 1077 2391 omnes
1106 2327 1253 2390 civitates
1283 2327 1318 2390 in
1347 2329 1449 2410 paries

228 2435 346 2500 divisae
371 2435 447 2498 sunt
469 2434 557 2498 duas.

173 2542 218 2616 12
318 2540 400 2605 Cum
429 2540 547 2605 Caesar
580 2539 615 2602 in
644 2538 783 2604 Galliam
812 2539 914 2616 venit,
950 2539 1081 2603 alterius
1108 2537 1262 2603 {aetionis
1297 2540 1451 2622 prinsipes

224 2739 352 2840 penaeas]
381 2771 408 2835 1)
433 2768 503 2836 „tier
524 2767 648 2834 hinoin“;
675 2768 704 2833 2)
729 2783 816 2836 „ganz
840 2767 905 2834 (und
930 2767 1026 2836 gor)“;
1053 2767 1163 2821 welches
1189 2767 1263 2838 paint
1290 2786 1324 2822 zu
1349 2770 1388 2824 ad
1410 2785 1449 2822 au-

230 2856 349 2913 aomos?

302 2960 325 3000 o.
344 2945 494 3012 detrorum]
514 2944 752 3012 ,‚1andeinwarts“.
772 2975 805 2984 -
826 2945 893 3014 pro]
913 2944 1014 3011 „wie“.
1034 2975 1067 2984 -
1093 2944 1237 3014 obiectam]
1261 2945 1323 3014 Vgl.
1343 2964 1376 3000 uu
1392 2948 1449 3002 eub-

228 3038 325 3092 o'aeiam
338 3034 370 3101 V,
387 3036 428 3100 13,
443 3036 468 3088 3.
487 3063 521 3072 -
540 3034 575 3087 ab
589 3033 695 3100 Suebis,
714 3034 748 3087 ab
764 3033 918 3100 warascis]
937 3032 997 3086 sind
1011 3034 1068 3086 rein
1081 3034 1224 3087 riumliehe
1238 3034 1449 3104 Bestimmungen

227 3125 275 3178 wie
294 3142 313 3179 a
331 3129 415 3192 tergo,
434 3140 452 3175 a
470 3121 561 3188 fronte
580 3121 668 3188 „nauh
686 3121 733 3175 der
750 3121 821 3174 Seite
839 3121 885 3175 der
902 3121 1005 3175 Suoben
1024 3122 1088 3176 zu“.
1108 3151 1142 3160 —-
1158 3121 1302 3190 probibere
1322 3127 1379 3178 adm
1396 3123 1450 3192 (ab)

228 3215 326 3282 aliquo
344 3210 382 3279 ra]
400 3211 433 3278 V,
451 3211 494 3277 21,
516 3212 538 3265 l.

531 3357 556 3404 2.
579 3356 731 3404 Aboohnitt:
758 3357 822 3412 Knp.
842 3356 952 3404 11-aa.
990 3352 1017 3416 a)
1036 3352 1150 3406 11-20.

299 3458 378 3527 Kup.
390 3460 441 3514 11.
464 3470 486 3511 1,
495 3457 638 3527 quonium]
648 3457 716 3512 baim
723 3447 878 3526 Ubergange
887 3475 920 3511 zu
929 3458 1012 3511 einem
1020 3457 1222 3512 neuenTeile=
1235 3459 1450 3526 „nauhdem“‚-

228 3547 362 3613 ulianam]
379 3546 426 3614 IV,
445 3547 488 3614 34,
507 3547 532 3601 2.
552 3573 586 3584 -
604 3563 659 3615 qao
676 3547 825 3614 differunt]
843 3545 904 3600 Aul.
922 3545 947 3601 A
965 3545 1023 3601 NB.
1042 3577 1076 3586 -
1091 3547 1258 3616 proponere]
1277 3547 1311 3614 V,
1331 3548 1375 3616 52,
1393 3549 1417 3603 5.

303 3657 325 3698 a.
344 3644 400 3710 (si)
417 3645 467 3712 qui
546 3643 753 3710 existimantur]
778 3643 894 3710 „welche
912 3643 940 3696 in
958 3643 1018 3698 dem
1035 3644 1102 3698 Rufe
1120 3644 1243 3698 siehen“.
1268 3675 1303 3684 -
1327 3644 1449 3715 memor]

229 3732 332 3787 benieht
350 3731 406 3787 sieh
419 3732 493 3785 nieht
506 3732 552 3785 auf
563 3747 669 3798 aarum
688 3733 823 3786 iiberseize
836 3749 865 3786 es
879 3732 1081 3786 demonstrarii!
1101 3760 1135 3771 -
1154 3733 1204 3787 boe
1222 3733 1262 3787 od
1281 3739 1363 3788 tuom
1380 3733 1448 3788 arbi-

230 3822 316 3877 trium
333 3819 421 3888 redit]
445 3820 514 3886 „dus
531 3821 593 3874 faut
610 3820 712 3875 deinem
728 3821 866 3874 Ermossen
885 3821 1018 3874 anheim“.
1043 3849 1078 3859 -
1102 3837 1210 3876 summo
1227 3822 1350 3876 mum
1367 3820 1449 3877 oona·

230 3909 343 3977 boram]
363 3908 426 3975 „die
443 3908 553 3962 hdehste
570 3909 768 3978 Entsuheidung
785 3911 834 3964 boi'
845 3909 915 3964 allen
932 3909 1145 3964 Muisnahmen“.

302 4019 356 4061 ru.
373 4019 396 4060 ε.
420 4006 452 4060 id
475 4007 638 4061 institutum
660 4006 712 4075 est]
737 4007 829 4074 „disse
846 4006 1021 4075 Einriohtung
1042 4007 1081 4060 ist
1097 4007 1256 4074 getroffen“.
1281 4037 1316 4048 -
1340 4009 1448 4077 quiaque

290 4111 349 4150 aaa
370 4095 494 4164 parator]
519 4094 596 4149 Zioho
614 4095 655 4149 die
672 4094 805 4164 Negation
823 4113 881 4149 zum
898 4095 1057 4149 Pronomen!
1084 4121 1118 4132 -
1142 4095 1266 4164 opprimi
1288 4102 1315 4152 ed
1337 4098 1446 4152 mesos

229 4185 329 4253 uenire]
347 4184 402 4238 Das
420 4187 490 4238 orste
507 4184 611 4238 beaieht
629 4185 685 4237 siah
703 4185 750 4237 aui
761 4184 870 4251 Gewalt,
884 4183 937 4238 'das
955 4185 1046 4238 zweiie
1064 4184 1111 4237 aui
1120 4183 1187 4251 List,
1200 4183 1249 4238 'die
1266 4201 1328 4238 man
1346 4185 1388 4238 boi
1404 4182 1446 4235 dor

228 4273 450 4341 Unterdriiokung
468 4273 612 4327 enwendet.
631 4301 666 4311 -
684 4273 767 4327 aditor
784 4272 810 4326 si
827 4271 930 4341 foedat]
950 4272 1084 4340 „anderen
1097 4271 1215 4326 Falles“.
1234 4302 1270 4312 —
1288 4275 1322 4329 io
1333 4268 1445 4335 moed]

229 4363 269 4415 Im
286 4361 393 4431 grossen
411 4362 470 4416 sind
489 4362 531 4416 die
547 4360 730 4415 Verhdlinisso
747 4377 821 4429 gana.
832 4359 949 4416 Galliena
967 4361 1064 4430 genade
1082 4377 1111 4415 so
1128 4361 1178 4415 wie
1194 4361 1232 4414 im
1250 4362 1391 4416 einzelnen.
