3172 4922
580 350 677 406 Comm.
696 351 717 417 I,
736 368 757 405 c.
776 352 890 406 31-33,
1314 347 1350 408 33

118 510 242 574 iniuriis
267 510 438 576 facturum.
483 510 553 575 Hac
576 512 717 575 oratione
741 512 851 576 habita
875 513 1043 576 concilium
1067 512 1195 576 dimisit.
1235 513 1277 576 Et
1301 531 1374 576 sea

119 617 261 681 cundum
284 635 322 681 ea
345 619 468 681 multae
491 635 542 680 res
566 636 640 681 eum
662 618 882 694 hortabantur,
907 636 1005 699 quare
1029 619 1088 682 sihi
1112 637 1183 683 eam
1206 638 1275 683 rem
1299 639 1349 683 co·

119 723 286 805 gitandam
302 726 335 788 et
351 724 585 806 suscipiendam
599 726 745 806 putaret3
769 725 934 807 imprimis,
952 725 1034 806 quod
1050 724 1210 802 Haeduos,
1233 725 1348 790 fratres

120 830 436 912 consanguineosque
461 848 687 913 saepenumero
717 849 737 894 a
770 833 884 894 senatu
916 832 1099 913 appellatos,
1130 831 1163 894 in
1194 833 1348 896 servitute

120 938 216 1018 atque
240 937 275 999 in
299 936 420 1001 dicione
452 937 580 1001 videbat
608 937 840 1002 Germanorum
872 938 989 1014 teneri,
1021 956 1193 1019 eorumque
1224 940 1347 1003 obsides

120 1061 188 1107 esse
220 1043 307 1125 apud
336 1043 532 1107 Ariovistum
563 1062 599 1107 ao
630 1043 793 1124 Sequanos
823 1044 1048 1125 intellegebat3
1080 1045 1164 1125 qod
1194 1046 1227 1108 in
1256 1047 1346 1108 tanto

119 1149 251 1231 imperio
275 1150 385 1232 populi
399 1149 536 1213 Romani
552 1149 775 1232 turpissimum
798 1151 857 1213 sibi
881 1152 914 1213 et
943 1065 1134 1240 reipublicde
1166 1170 1234 1215 esse
1264 1153 1347 1216 arbi·

120 1256 276 1320 trabatur.
311 1255 473 1319 Paulatim
498 1259 607 1321 autem
619 1256 795 1321 Germanos
820 1260 1028 1321 consuescere
1040 1257 1188 1448 Rhegum
1211 1259 1372 1323 transires

120 1364 152 1427 et
174 1362 208 1426 in
225 1362 366 1427 Galliam
388 1381 539 1444 magnam
564 1382 673 1427 eorum
695 1363 937 1428 mult'tudinem
951 1365 1057 1428 uenire
1074 1383 1113 1446 po
1137 1365 1189 1428 ulo
1205 1365 1347 1429 Romano

119 1470 333 1551 periculosum
357 1468 502 1542 videbat3
534 1488 638 1550 neque
669 1470 728 1533 sibi
751 1469 895 1533 homines
919 1469 1001 1532 leros
1026 1489 1063 1534 ac
1086 1472 1236 1538 barbaros
1266 1473 1371 1535 tem-r

35 1661 45 1670 .
119 1578 287 1658 paraturos
312 1576 522 1653 existimabat,
547 1577 638 1657 quin,
671 1596 745 1640 cum
777 1595 902 1640 omnem
928 1575 1066 1640 Galliam
1098 1579 1345 1660 occupavissent,

119 1685 155 1746 ut
179 1684 254 1746 ante
280 1681 400 1747 Cimbri
422 1683 620 1764 Teutonique
644 1682 803 1759 iecissent,
826 1684 860 1746 in
883 1683 1077 1765 provinciam
1102 1685 1223 1748 exirent
1250 1687 1347 1766 atque

118 1789 191 1852 inde
215 1789 250 1851 in
279 1789 409 1851 Italiam
438 1789 681 1865 contenderent,
711 1789 900 1870 praesertim
929 1809 1001 1852 oum
1032 1789 1196 1870 Sequanos
1227 1808 1245 1853 a
1276 1810 1347 1872 pro·

118 1895 223 1960 vincia
245 1897 356 1958 nostra
379 1894 554 1959 Rhodanus
579 1895 750 1969 divideret;
776 1896 891 1976 quibus
915 1897 1009 1960 rebus
1035 1914 1131 1977 quam
1158 1898 1347 1962 maturrime

119 2000 351 2066 occurrendum
373 2002 517 2083 putabat.
562 2001 635 2084 Ipse
661 2004 774 2066 autem·
791 2002 969 2065 Ariovistus
993 2004 1101 2065 tantos
1126 2003 1185 2066 sibi
1209 2004 1372 2085 spirituas

118 2109 247 2171 tantam
271 2107 491 2188 adrogantiam
516 2110 705 2190 sumpserat,
728 2111 767 2171 ut
790 2109 939 2172 ferendus
962 2128 1026 2172 non
1048 2099 1218 2173 uideretur.

117 2319 261 2373 Dienste“.
282 2349 316 2356 —
335 2319 503 2387 auctoritas]
519 2321 565 2374 wie
579 2320 645 2389 Kap.
660 2321 704 2385 31,
723 2321 753 2373 16
768 2320 831 2373 odor
846 2320 910 2387 „dia
923 2320 1052 2374 Person“.
1073 2350 1105 2359 -
1126 2320 1278 2388 adductas]
1292 2322 1349 2375 hier

119 2410 186 2461 etwa
205 2408 280 2475 „mit
297 2394 445 2462 Rticlrsicht
463 2409 538 2462 auf“.
559 2439 593 2447 -
612 2409 741 2476 intumis]
760 2409 826 2479 Kap.
846 2411 889 2476 31,
910 2411 951 2464 16.

192 2508 216 2549 2.
235 2497 387 2551 secandam
406 2497 450 2564 aa]
470 2497 586 2564 „nachot
603 2498 693 2551 dem“.
714 2527 748 2534 —
768 2497 844 2550 Statt
860 2498 950 2550 hinter
968 2498 1155 2553 hortabantur
1179 2499 1348 2566 („treiben“)

117 2585 298 2639 lortzufahren
320 2592 354 2640 ut
434 2588 601 2655 susciperet,
625 2587 717 2654 bringt
740 2586 822 2642 Casar
846 2587 888 2640 die
913 2587 1015 2641 minder
1038 2589 1190 2642 bestimmte
1208 2589 1349 2658 Wendung

117 2675 169 2728 mit
192 2691 295 2743 quare,
319 2677 382 2728 abar
405 2677 480 2729 nicht
504 2677 554 2729 mit
577 2676 723 2744 folgendem
748 2691 781 2729 aa
799 2691 842 2729 rea
922 2677 1104 2745 suscipienda
1128 2683 1210 2745 esset,
1236 2678 1348 2731 sondern

118 2763 203 2817 dieses
226 2764 293 2816 wird
321 2765 388 2818 noeh
410 2765 566 2832 gemildert,
594 2765 681 2818 indam
706 2781 733 2818 es
759 2781 809 2817 von
830 2770 946 2832 putarat
970 2765 1103 2833 abhtngig
1127 2767 1250 2833 gemacht
1268 2767 1347 2820 wird:

119 2854 256 2920 „weshalb
271 2870 306 2920 ar,
326 2854 373 2907 wie
387 2871 416 2907 er
429 2854 526 2908 meinte
541 2857 584 2921 (=
600 2854 667 2908 nach
687 2854 771 2906 seiner
780 2853 901 2931 Ansicht,
917 2854 994 2918 wohl)
1008 2853 1049 2906 die
1064 2854 1146 2906 Saehe
1161 2859 1280 2922 erw'a'gan
1293 2855 1347 2909 und

117 2943 145 2996 in
165 2943 207 2995 die
225 2943 306 2996 Hand
325 2943 436 2996 nahmen
454 2945 573 2996 miisse“.
593 2973 626 2982 —
646 2942 720 3011 qaod
800 2941 922 3008 uidebat]
941 2943 970 2995 in
984 2942 1042 2995 dem
1060 2942 1168 2996 hiervon
1182 2943 1347 3012 abhdugigen

117 3032 178 3084 Aee.
198 3047 221 3084 c.
240 3030 317 3084 Infin.
335 3031 373 3083 ist
390 3031 531 3084 Pradilrat:
557 3032 589 3084 a'a
606 3031 738 3086 seruitute
757 3037 838 3100 atque
856 3032 889 3084 ia
907 3030 1017 3084 dicione
1098 3032 1187 3085 teneri
1210 3032 1301 3098 („sioh
1319 3033 1347 3086 in

118 3119 281 3173 sklavischer
298 3118 499 3187 Abhtngiglreit
516 3119 678 3183 befinden“).
699 3150 732 3159 —
758 3119 924 3188 appellatos]
942 3118 1003 3172 Aul.
1024 3117 1055 3172 G.
1084 3148 1118 3158 —
1145 3121 1178 3174 ia
1198 3126 1277 3175 tanto
1295 3121 1346 3174 ias-

113 3209 207 3278 pcm'o]
227 3225 248 3262 a.
268 3208 335 3278 Kap.
355 3210 398 3275 27,
417 3209 435 3261 4
454 3226 485 3262 zu
503 3209 535 3262 ta
554 3214 637 3262 tantu
655 3208 849 3272 multitudinem
875 3213 972 3262 tantus
996 3207 1142 3262 reruandle
1165 3208 1193 3262 in
1217 3208 1347 3263 dasSub

118 3298 222 3351 stantis
240 3295 396 3363 „Grdssa“!
416 3324 450 3334 -
471 3297 675 3364 turpissimam]
695 3297 776 3363 „eino
793 3297 881 3364 grosse
900 3297 1058 3350 Sehmach“.

192 3400 216 3441 ³.
239 3385 392 3442 Germanos
466 3386 596 3453 transire]
615 3386 653 3439 iat
672 3386 806 3454 abhtngig
819 3402 868 3439 von
884 3386 1073 3453 praecanam
1085 3385 1172 3454 (esse),
1193 3386 1277 3440 dieses
1297 3403 1347 3440 von

115 3475 241 3530 videbat:
261 3475 359 3542 „darin
377 3475 503 3529 erbliohte
522 3492 550 3529 er
568 3475 625 3528 eine
643 3475 730 3543 grosse
750 3473 877 3528 Gefahr“.

191 3578 216 3618 4.
235 3580 321 3633 neque
339 3565 392 3618 sibi
474 3570 674 3632 temperaturos
692 3563 874 3629 existimabat,
894 3563 973 3632 qaia]
994 3564 1083 3630 „auch
1101 3564 1209 3633 glaubte
1223 3580 1251 3616 er
1263 3562 1346 3630 nieht,

116 3652 177 3706 dass
245 3653 338 3706 darauf
350 3653 498 3707 veraiehten
512 3653 618 3706 wlirden
683 3654 745 3706 zu“.
761 3682 795 3691 -
814 3658 847 3707 at
858 3651 997 3720 fecissent]
1016 3653 1116 3706 lautete
1129 3653 1158 3706 in
1172 3651 1216 3707 Or.
1230 3655 1303 3706 recta
1315 3657 1348 3706 ut

116 3742 248 3808 facerunt
261 3742 316 3795 und
328 3742 423 3809 gehdrt
433 3759 491 3796 zum
499 3741 660 3810 Fulgonden3
675 3741 803 3808 secesserat
815 3742 886 3794 kann
899 3741 1070 3795 unlibersetzt
1082 3741 1193 3794 bleiben.
1209 3771 1242 3779 -
1261 3740 1347 3808 taire]

115 3831 188 3884 Wir
207 3831 414 3898 „einbrechen“.
430 3861 463 3870 —
482 3829 656 3898 contendere]
676 3831 795 3898 „eilen“.
819 3857 849 3868 -
868 3829 1035 3896 Rhodanus]
1054 3830 1109 3884 also
1127 3847 1190 3883 nur
1203 3829 1245 3882 ein
1264 3828 1347 3894 Fluls,

116 3920 165 3974 der
178 3937 213 3974 an
227 3920 330 3988 einigen
345 3919 445 3974 Stallen
459 3920 541 3973 leicht
554 3937 586 3972 au
599 3919 796 3972 liberschraiten
809 3935 870 3972 war.
887 3947 919 3956 —
939 3919 1038 3985 quibas
1052 3918 1144 3984 rebus]
1163 3918 1201 3970 iet
1213 3917 1301 3971 Dativ.
1313 3947 1347 3956 -

116 4026 200 4079 mm
217 4007 390 4076 maturrime]
409 4007 644 4076 „unverzliglioh“.
665 4035 697 4045 --
717 4007 843 4074 occurro]
863 4009 1110 4075 „entgegentreten
1129 4006 1305 4074 vorbeugen“.

190 4111 215 4152 s.
244 4098 374 4166 spiritus]
402 4098 472 4164 „dor
498 4097 566 4151 hohe
594 4095 701 4163 Geist“,
730 4095 812 4149 daher
840 4095 974 4162 „Hoheit,
1002 4096 1161 4164 Maiesttt“,
1190 4095 1253 4148 aber
1279 4094 1346 4147 auch

117 4187 221 4254 „Stola
240 4185 447 4240 hochlahrendes
466 4186 583 4240 Wesen“
603 4186 692 4252 (meist
709 4185 745 4238 im
759 4185 869 4249 Plural).
889 4213 923 4224 -
942 4183 1122 4252 odroqaatia]
1142 4183 1300 4250 „Diinlrel“.
1311 4211 1345 4220 -·

115 4277 170 4330 sibi
188 4274 307 4341 sumre]
327 4275 502 4342 „annehmem
523 4275 579 4329 sich
597 4258 805 4343 angeuthnan“.
825 4301 858 4311 -
884 4272 1015 4339 ferendas
1032 4273 1101 4340 aon]
1120 4272 1153 4325 So
1172 4271 1274 4326 werden
1292 4269 1345 4324 Ad·

113 4364 213 4434 jectira
230 4364 283 4418 mit
301 4363 436 4432 negativer
453 4364 611 4432 Bedeutung
628 4366 734 4418 ersetzt.
