3086 4920
255 384 311 446 276
750 388 790 442 De
808 389 876 442 bello
896 387 995 444 Gallico

256 549 405 613 fieiendos
429 551 640 614 concurrant?
685 548 837 628 Proinde,
868 550 895 614 si
927 549 1003 632 quid
1025 551 1060 614 in
1082 551 1173 616 nobis
1198 551 1297 616 animi
1320 553 1384 626 est,
1412 571 1475 634 per·

257 674 430 737 sequamur
454 673 563 720 eorum
585 657 738 732 mortem,
769 656 824 737 qui
846 656 1065 738 indignissime
1089 657 1282 721 interierunt
1307 659 1402 740 atque
1423 659 1473 722 hos

231 763 396 827 elatrones
419 761 673 827 interficiamus.“
720 761 869 826 Ostendit
892 763 976 827 oives
999 763 1175 840 Romanos,
1209 764 1265 845 qui
1296 765 1363 828 eius
1392 782 1476 847 prae-

257 868 330 933 sidii
351 869 467 934 fiduoia
490 887 555 932 una
578 869 684 944 erant;
713 886 867 950 magnum
896 887 1068 933 numerum
1097 869 1251 934 frumenti
1274 873 1476 935 oommeatus·

214 994 319 1058 reque
350 975 474 1059 diripit,
510 975 596 1058 ipsos
628 974 799 1039 erudeliter
826 975 1021 1040 eroruoiatos
1045 976 1204 1042 interfioit.
1249 977 1388 1042 Nuntios
1414 979 1475 1041 tota

255 1083 384 1148 eivitate
407 1082 591 1147 Aeduorum
615 1081 758 1158 dimitt't,
782 1081 893 1146 eodem
916 1081 1082 1148 mendaoio
1105 1082 1144 1147 de
1169 1083 1264 1148 oaede
1289 1084 1433 1166 equitum
1447 1085 1476 1147 et

253 1189 433 1273 principum
455 1190 633 1272 permovet;
656 1189 811 1266 hortatur,
833 1192 872 1252 ut
895 1189 990 1253 simili
1013 1189 1146 1268 ratione,
1170 1193 1266 1272 atque
1282 1191 1350 1274 ipse
1366 1190 1475 1267 feeerit,

256 1315 331 1361 suas
354 1297 487 1360 iniurias
509 1297 752 1379 persequantur.

199 1407 245 1468 39
344 1402 535 1486 Eporedorix
557 1401 697 1480 Aeduus,
719 1419 845 1466 summo
868 1402 936 1466 loeo
959 1404 1055 1467 natus
1079 1402 1265 1468 adnleseens
1291 1405 1324 1468 et
1339 1421 1475 1468 summae

255 1511 340 1575 domi
362 1510 540 1594 potentiae,
573 1510 606 1573 et
634 1527 699 1572 nna
720 1508 958 1586 Viridomarus,
987 1510 1057 1592 pari
1088 1511 1193 1575 aetate
1223 1512 1257 1574 et
1280 1511 1399 1592 gratia,
1425 1509 1474 1573 sed

255 1635 369 1700 genere
393 1616 520 1699 dispari,
544 1633 639 1697 quem
663 1613 782 1680 Caesar
806 1616 845 1679 ab
860 1615 1020 1680 Divioiaoo
1044 1615 1104 1680 sibi
1128 1616 1286 1680 traditum
1310 1635 1347 1681 ex
1369 1616 1473 1680 humih

254 1725 322 1789 loeo
346 1724 396 1788 ad
410 1741 570 1788 summam
592 1721 783 1804 dignitatem
805 1722 1006 1805 perduxerat,
1028 1723 1063 1786 in
1086 1724 1231 1804 equitum
1252 1742 1388 1788 numero
1410 1741 1475 1787 eon-

229 1833 409 1896 evenerant
430 1830 620 1895 nominatim
643 1829 682 1892 ab
706 1847 742 1894 eo
767 1830 897 1893 evocati.
935 1829 994 1894 His
1011 1831 1080 1893 erat
1095 1830 1179 1894 inter
1196 1848 1230 1895 se
1247 1829 1286 1894 de
1302 1829 1474 1913 prinoipatu

251 1937 424 2012 tententio,
448 1937 481 2000 et
503 1937 536 2000 in
558 1936 614 2000 iila
636 1935 887 2018 magistratuum
911 1937 1124 2001 controversia
1147 1937 1229 2001 alter
1243 1955 1301 2018 pro
1318 1935 1474 2002 Convioto·

230 2043 353 2121 oHtavi,
377 2043 458 2107 alter
480 2062 537 2126 pro
561 2043 639 2108 Coto
663 2042 798 2106 summis
822 2042 932 2125 opibus
956 2045 1185 2125 pugnaverant.
1223 2043 1272 2106 Ex
1294 2044 1344 2108 his
1364 2045 1474 2126 Epore

255 2148 344 2213 dorix
366 2149 492 2231 cognito
515 2148 668 2214 Litaviooi
691 2149 820 2213 eonsiho
843 2148 949 2213 modia
971 2148 1036 2214 fere
1059 2151 1152 2214 noete
1168 2168 1238 2214 rem
1254 2150 1295 2214 ad
1312 2150 1473 2216 Gaesarem
1532 2235 1533 2238 Ἴ

255 2255 374 2330 defert;
406 2257 491 2333 orat,
513 2274 553 2320 ne
576 2256 718 2338 patiatur
746 2255 908 2320 civitatem
934 2257 1041 2339 pravis
1065 2256 1321 2321 adnleseentium
1343 2257 1474 2322 oonsiiiis
1532 2261 1533 2288 ³

255 2363 295 2427 ab
319 2362 459 2426 amititia
480 2362 589 2444 populi
604 2362 741 2426 Romani
757 2361 906 2436 defioere;
931 2362 1015 2444 quod
1038 2362 1184 2427 futurum
1207 2363 1381 2445 provideat,
1404 2364 1429 2427 si
1443 2380 1472 2426 se

253 2471 305 2534 tot
315 2470 481 2534 hominum
492 2469 581 2532 milia
593 2487 666 2533 oum
678 2468 823 2532 hostibus
835 2469 1062 2546 ooniunxerint
1079 2488 1215 2551 quorum
1228 2470 1366 2535 salutem
1378 2487 1474 2551 neque

253 2576 423 2660 propinqui
438 2576 614 2657 neglegere,
636 2593 741 2656 neque
757 2575 869 2640 civitas
884 2576 948 2640 levi
963 2578 1125 2640 momento
1141 2576 1313 2641 aestimare
1327 2580 1442 2660 posset

327 2819 350 2862 8.
370 2804 439 2875 quid
456 2804 557 2873 anime]
580 2805 634 2858 Der
652 2805 784 2859 Deutsehe
803 2805 905 2876 sprieht
922 2805 1120 2858 ansehaulioher
1137 2823 1187 2859 von
1205 2805 1290 2860 einem
1307 2806 1415 2860 anken
1431 2823 1474 2859 ron

253 2896 321 2950 Mat.
341 2925 375 2932 —
393 2894 596 2963 indiqaisoime]
615 2893 678 2947 Was
697 2894 835 2962 unwiirdig
852 2894 896 2960 ist,
915 2897 1018 2964 smpdrt
1035 2910 1094 2948 uns.

327 2997 350 3038 9.
373 2984 422 3052 qui
441 2983 501 3038 eius
515 2982 655 3050 praesidii
672 2983 780 3050 fiducia
798 3000 859 3037 ueta
877 2983 969 3052 erum]
995 2983 1073 3037 Diese
1090 2983 1237 3037 rdmisohen
1254 2983 1366 3053 Biirger,
1387 2983 1475 3038 welehe

253 3074 380 3128 Proviant
398 3089 430 3126 zu
443 3071 525 3127 Cdsar
542 3072 653 3140 bringan
671 3072 785 3139 wollten,
803 3089 890 3126 waren
907 3073 1079 3141 mitgozogem
1096 3073 1133 3126 im
1146 3072 1296 3127 Vertrauen
1314 3073 1360 3127 aui
1374 3073 1416 3127 die
1432 3073 1474 3125 Be·

254 3163 385 3230 oeemg,
411 3160 507 3214 wolone
530 3160 609 3214 renen
634 3161 676 3214 uo
698 3156 867 3215 Murenae
889 3161 936 3215 aar
953 3150 1043 3215 ioue
1065 3161 1152 3216 oreon
1176 3161 1284 3216 ronne.
1311 3191 1343 3201 -
1367 3159 1474 3231 streptu

253 3251 337 3306 Nieht
356 3249 537 3321 ‚,pliindert“!
557 3279 591 3288 -
610 3250 793 3318 emundatos]
811 3249 872 3304 Ani.
893 3248 924 3305 G.

330 3352 369 3394 ιο.
388 3338 555 3408 permonere]
578 3356 627 3393 von
643 3337 718 3407 jeder
735 3338 787 3393 Art
804 3338 958 3407 Aufregong
975 3338 1093 3406 (Furoht
1112 3330 1325 3409 Ubemasohung,
1343 3339 1473 3404 Mii'smut),

255 3428 297 3482 die
314 3445 375 3482 man
393 3427 549 3482 hervorrust.
570 3457 604 3466 —
621 3445 688 3483 suas
705 3428 839 3497 iniurias]
857 3414 933 3482 huoh
951 3428 1001 3482 den
1015 3427 1129 3482 anderen
1142 3445 1197 3482 war
1210 3430 1350 3498 angeblieh
1362 3429 1423 3483 Ieid
1435 3444 1473 3480 on·
1529 3473 1530 3476 ,

253 3517 353 3586 gethan
371 3517 482 3584 worden,
502 3516 536 3570 da
551 3516 580 3586 ja
597 3517 654 3571 ihre
672 3516 848 3571 Verwandten
865 3534 915 3571 von
933 3516 1014 3573 Ctsar
1032 3517 1164 3572 ermordet
1181 3519 1238 3571 sein
1257 3519 1361 3573 solltsn.

325 3604 402 3673 Kap.
422 3605 470 3663 39.
511 3618 532 3660 1.
556 3606 642 3673 heus]
666 3606 763 3660 sowohl
780 3623 831 3660 von
849 3606 895 3660 der
911 3605 1044 3680 Abkonft,
1063 3607 1111 3660 wie
1129 3607 1244 3660 naohher
1261 3624 1357 3677 penae,
1374 3607 1413 3660 als
1430 3621 1471 3658 ron

255 3695 301 3748 der
319 3694 448 3762 Steliung.
468 3723 502 3732 —
525 3695 562 3748 ab
580 3694 729 3750 Diviciaco
746 3696 800 3750 eibi
819 3695 967 3763 traditum]
987 3694 1069 3750 Casan
1086 3695 1162 3749 hatte
1180 3696 1228 3750 ihn
1246 3697 1294 3750 aui
1308 3695 1473 3766 Empfehlong

253 3784 300 3837 das
313 3783 372 3837 Div.
386 3783 433 3836 hin
447 3798 480 3836 zu
494 3799 522 3837 so
535 3784 621 3838 hohen
635 3784 723 3838 Ehren
736 3783 875 3839 hotdrdart.
895 3814 929 3823 —
948 3784 1101 3852 conuenire]
1116 3784 1195 3852 „einh
1208 3785 1260 3838 mit
1273 3785 1429 3839 einfinden“.
1442 3807 1471 3818 -·

253 3873 420 3927 nominatim
438 3872 555 3941 evocata]
581 3873 674 3939 bute,
701 3874 742 3928 die
765 3890 795 3928 er
816 3874 844 3927 in
863 3874 947 3927 seiner
965 3873 1041 3927 Ndhe
1058 3873 1144 3927 haben
1161 3873 1263 3940 wollte,
1287 3873 1383 3943 pflegto
1400 3871 1472 3926 Casar
1528 3897 1529 3900 ¹

254 3962 436 4016 ausdriiohlinh
454 3979 485 4015 zu
505 3961 646 4016 entbieten.
736 4007 741 4018 .

327 4063 349 4104 a.
364 4045 459 4120 Pravo
473 4049 602 4117 seruilia]
622 4050 782 4120 „unsinnige
795 4049 973 4118 Ansehltige“.
993 4078 1027 4088 -
1046 4050 1096 4104 hoe
1108 4045 1240 4114 finitorum
1249 4049 1392 4120 provideo]
1411 4047 1470 4116 „das

254 4138 315 4193 sehe
333 4139 376 4192 ioh
394 4139 543 4193 hommen“.
568 4167 602 4177 -
626 4138 714 4205 solue]
739 4139 787 4193 wie
805 4139 871 4208 Kap.
890 4140 916 4206 9,
934 4137 967 4204 4;
991 4138 1068 4192 sohte
1090 4138 1181 4192 maohe
1203 4139 1245 4192 bis
1269 4156 1329 4193 num
1346 4137 1415 4192 Idnde
1431 4135 1470 4188 des
1527 4165 1528 4170 κ

252 4227 344 4281 Satzes
367 4245 425 4281 zum
443 4228 568 4296 Snbjekt!
594 4255 628 4266 -
653 4227 802 4298 depingere]
827 4227 881 4281 rur
904 4227 1118 4296 ‚,gleiohgiiltig“
1142 4227 1191 4281 hat
1213 4227 1261 4281 der
1278 4228 1398 4282 Leteiner
1417 4223 1469 4278 hein
1527 4279 1528 4304 ,

251 4316 392 4370 tradendas
405 4316 579 4386 Adjeotivum.
598 4345 632 4355 -
651 4317 703 4372 leui
721 4317 866 4384 momento]
884 4317 922 4370 ist
935 4316 1133 4370 ansehaulioher
1150 4317 1190 4370 als
1208 4315 1256 4370 das
1275 4315 1397 4370 deutsche
1415 4311 1470 4382 „iit
1527 4307 1528 4316 ’

248 4406 376 4473 niehts“;
395 4406 447 4475 vgl.
466 4405 532 4475 Kap.
551 4405 594 4471 38,
613 4406 639 4460 8.
