3134 4922
533 343 629 399 Comm.
648 344 694 411 IV,
713 363 734 400 0.
754 346 868 400 21-29.
1266 344 1316 404 1311

92 505 211 567 verunt.
245 503 333 583 Quae
358 524 430 569 cum
454 507 745 588 appropinquarent
767 505 954 571 Britanniae
978 509 1010 570 et
1033 526 1071 570 ex
1094 508 1206 571 castris
1230 508 1340 573 ride-r

92 612 214 687 rentur,
238 613 331 674 tanta
354 613 528 694 tempestas
553 613 657 677 subito
689 615 794 676 coorta
826 615 890 689 est,
919 615 957 676 ut
986 614 1076 677 nulla
1104 631 1214 678 earum
1246 634 1316 679 cur-

91 735 159 780 sum
182 719 292 782 tenere
315 719 437 800 posset,
462 718 517 782 sed
541 719 622 783 aliae
646 718 768 796 eodem,
796 719 880 783 unde
904 721 996 784 crant
1018 719 1190 802 prosapiae,
1220 720 1316 785 refer·

91 825 206 901 rentur,
231 824 312 888 aliae
337 823 377 888 ad
400 823 581 889 inferiorem
604 827 728 908 partem
751 826 887 903 insulae,
912 843 992 906 quae
1017 828 1066 890 est
1088 827 1216 909 propius
1241 828 1315 893 solis

91 948 245 1008 occasum,
269 949 385 1012 magno
409 932 459 995 sui
483 950 556 995 cum
576 933 715 1014 periculo
732 932 946 1006 deicerentu13
971 951 1052 1014 quae
1068 935 1177 997 tamen
1193 935 1340 998 ancorisa

90 1037 176 1100 iactis
209 1056 284 1100 cum
313 1037 462 1101 fluctibus
495 1039 745 1120 complerentur,
779 1038 956 1103 necessario
992 1038 1125 1103 adversa
1155 1042 1247 1104 nocte
1282 1040 1315 1103 in

90 1144 188 1206 altum
212 1145 382 1226 provectae
406 1145 622 1209 continentem
645 1146 814 1227 petierunt.

173 1251 298 1314 Eadem
320 1252 411 1315 nocte
437 1251 559 1328 accidit,
583 1253 621 1314 ut
644 1254 729 1316 esset
752 1253 829 1315 luna
851 1252 953 1334 plena,
978 1252 1033 1332 qui
1049 1251 1115 1315 dies
1137 1253 1314 1317 maritimos
1326 1255 1369 1316 211

90 1358 194 1420 aestus
225 1356 382 1420 maximos
412 1357 445 1420 in
469 1357 594 1422 Oceano
627 1357 749 1422 efficere
780 1357 957 1435 consueuit,
987 1358 1168 1438 nostrisque
1192 1358 1224 1423 id
1248 1361 1317 1423 erat

91 1463 294 1545 incognitum.
346 1463 398 1526 Ita
427 1482 490 1527 uno
520 1465 662 1545 tempore
698 1465 730 1526 et
759 1465 870 1544 longas
902 1481 1015 1540 nares,
1053 1464 1168 1545 quibus
1200 1464 1341 1529 Caesari

92 1571 262 1634 exercitum
286 1570 572 1652 transportandum
595 1572 763 1634 curaverat
786 1588 929 1652 quasque
953 1570 986 1633 in
1011 1569 1137 1634 aridum
1160 1571 1317 1636 subduxe-

91 1682 144 1752 rat,
169 1678 280 1741 aestus
305 1677 525 1759 compleverat,
549 1678 582 1740 ct
605 1677 774 1753 onerarias,
799 1695 879 1757 quae
904 1676 944 1739 ad
968 1695 1099 1741 ancoras
1124 1680 1217 1742 erant
1239 1678 1317 1744 doli-

91 1784 194 1863 gatae,
218 1785 396 1865 tempestas
421 1782 620 1860 adflictabat,
643 1802 746 1865 neque
770 1783 837 1846 ulla
867 1783 985 1846 nostris
1008 1782 1145 1847 facultas
1176 1786 1233 1848 aut
1263 1785 1317 1848 ad·

91 1889 291 1953 ministrandi
316 1891 372 1952 aut
395 1890 567 1953 auxiliandi
598 1890 743 1954 dabatur.
790 1889 1012 1972 Compluribus
1042 1890 1176 1954 navibus
1206 1890 1340 1956 tractisa

92 1996 228 2078 reliquae
246 2016 321 2060 cum
338 1999 444 2060 essent
459 1995 598 2073 funibus,
615 1997 736 2061 ancoris
753 1996 949 2078 reliquisque
966 1997 1172 2060 armamentis
1190 1997 1315 2062 amissis

161 2238 181 2280 r.
206 2227 283 2280 aliae
364 2226 448 2294 aliae]
476 2226 533 2278 Wir
554 2227 685 2279 brauohcn
710 2226 752 2280 bei
770 2225 874 2280 solchcn
894 2226 1080 2294 Eintcilungen
1100 2226 1161 2292 „elie
1180 2225 1255 2278 einen

93 2314 129 2367 (110
147 2316 278 2368 andern“.
305 2345 339 2354 -
364 2315 467 2381 eodem,
493 2316 568 2368 stade
586 2320 669 2368 erant
683 2315 839 2382 profectae]
865 2315 925 2369 Anl.
945 2314 977 2368 A.
1005 2345 1038 2352 -
1062 2331 1162 2382 acapna
1186 2314 1231 2367 aaa
1256 2331 1317 2368 eam

93 2404 220 2472 periculo]
247 2405 302 2457 Dor
322 2402 432 2458 Genetiv
455 2406 501 2460 sut
525 2405 599 2473 giebt
617 2421 663 2470 an,
688 2405 730 2458 fiir
748 2422 803 2458 wan
822 2406 864 2458 (110
883 2403 980 2459 Gefahr
997 2405 1069 2473 grols
1088 2420 1148 2457 aar.
1175 2432 1208 2442 -
1233 2403 1316 2470 deici]

94 2493 280 2560 „vorschlagou
300 2493 430 2560 werden“,
457 2495 560 2548 starker
585 2494 624 2546 als
644 2493 762 2560 deferri,
787 2495 834 2546 (100
853 2493 934 2548 (iasar
958 2494 1015 2547 hier
1038 2509 1125 2561 wegen
1148 2491 1317 2558 referrentur

93 2582 238 2635 vcrmeidot.

160 2683 182 2724 3.
211 2672 315 2738 tamea]
341 2671 383 2724 Sic
406 2672 499 2725 hatten
524 2688 592 2724 zuar
615 2671 770 2724 Britannicn
793 2671 918 2737 crreiclrt,
944 2670 1054 2724 lehrtan
1076 2669 1139 2723 aber
1162 2668 1228 2722 doch
1250 2669 1317 2722 auch

94 2759 154 2812 nach
167 2758 273 2814 Gallica
288 2761 391 2814 aurliclr.
412 2791 445 2798 -
463 2761 595 2828 flactibus
613 2759 824 2829 complerentur]
843 2759 884 2813 Da
903 2759 944 2812 die
958 2759 1052 2813 Schiffe
1070 2775 1117 2811 vor
1129 2757 1218 2812 Ankar
1231 2757 1315 2824 lagon,

94 2848 193 2902 worden
215 2849 254 2902 sic
272 2849 347 2902 nicht
366 2865 422 2902 vom
441 2849 549 2902 Wasser
565 2849 616 2902 mit
634 2849 853 2918 amporgchoben,
873 2847 984 2901 sonrlern
1002 2847 1147 2917 iiberaplilt.
1172 2875 1206 2886 -—
1230 2861 1316 2900 necca-

93 2937 173 3005 sario]
202 2937 290 2991 Untcr
315 2937 402 2992 diesen
428 2931 592 2992 Umstiindcn
617 2937 732 2992 mulstan
758 2937 795 2990 sie
820 2936 1018 3004 notgedrungen
1043 2936 1090 2989 auf
1113 2935 1154 2989 die
1177 2935 1245 2990 hohe
1270 2934 1317 2988 See

94 3026 186 3081 fabren.
214 3056 249 3065 -
276 3026 393 3081 aduersa
411 3026 501 3095 nocte]
527 3027 576 3080 Dia
594 3027 684 3081 Nacht
701 3027 762 3079 kam
780 3026 859 3079 ihncn
878 3029 1019 3093 entgegen,
1044 3025 1080 3078 sie
1103 3024 1197 3077 fuhren
1215 3024 1271 3077 also
1289 3024 1317 3077 in

94 3113 131 3167 die
144 3116 234 3169 Nacht
251 3115 348 3169 lrinein.
369 3147 402 3154 —
418 3122 509 3184 petere
529 3116 642 3182 terram]
661 3116 715 3169 Der
728 3114 850 3168 Lateincr
868 3114 917 3167 hat
930 3114 1021 3168 keinen
1036 3129 1121 3180 ganan
1135 3111 1317 3182 anteprachen·

94 3203 139 3256 den
157 3205 297 3259 Ausrlruolr
315 3205 357 3258 sur
376 3209 504 3271 „steuorn
522 3205 619 3258 naon‘fl

160 3293 240 3362 Kap.
260 3293 311 3349 29.
353 3306 374 3347 1,
401 3294 516 3360 accidit,
541 3298 574 3347 at
594 3293 648 3360 ...]
674 3293 713 3346 oo
735 3309 784 3345 von
810 3292 948 3360 zufaligen
967 3290 1134 3358 Ereignisaen
1158 3289 1304 3358 gebraucht

95 3379 174 3435 ibera.
194 3383 338 3436 adverbioll
357 3384 423 3437 nach
442 3383 501 3436 Anl.
520 3380 569 3436 R².
589 3413 622 3420 —
642 3382 690 3450 qai
710 3378 776 3452 (1100]
797 3398 817 3434 s.
837 3397 907 3449 quac
925 3396 968 3435 res
986 3379 1052 3450 Kap.
1072 3380 1115 3447 25,
1136 3380 1159 3433 1.
1180 3408 1213 3417 —
1231 3379 1317 3433 mari·

96 3471 151 3524 rimi
168 3477 264 3526 aestas
283 3472 407 3541 munima]
427 3472 518 3526 Solohe
537 3470 716 3541 Springflutcn
735 3471 808 3539 giobt
826 3487 854 3523 aa
873 3470 909 3523 im
928 3469 1101 3522 Mittalmcere
1118 3468 1201 3522 nicht.

164 3573 186 3615 2.
212 3577 269 3614 uno
295 3561 424 3630 tempore]
449 3561 516 3631 Kap
540 3561 587 3622 23,
612 3561 637 3614 6.
664 3590 696 3598 -
724 3557 975 3628 transportandam
998 3557 1156 3626 curaverat]
1181 3557 1228 3611 Bai
1251 3573 1318 3612 curo

96 3648 164 3702 steht
182 3649 224 3702 (110
243 3648 395 3718 Handlung,
415 3649 456 3702 (110
474 3666 535 3702 man
553 3649 603 3702 mit
621 3649 692 3702 einer
711 3648 792 3702 Sache
811 3648 966 3701 vornahmen
985 3646 1058 3713 laist,
1077 3646 1113 3700 im
1127 3645 1268 3701 Gerundiv.
1284 3675 1317 3684 —

95 3737 251 3805 0011100010]
271 3737 318 3792 der
332 3737 452 3806 standige
466 3738 605 3791 Ausdrack
623 3738 665 3790 fair
683 3737 730 3790 das
745 3737 848 3805 Bergan
862 3736 908 3790 dar
922 3736 1015 3790 Schiffe
1030 3752 1071 3790 am
1084 3735 1180 3802 lande,
1199 3735 1253 3788 bas.
1273 3751 1319 3789 zur

96 3823 254 3880 Winterzeit.
285 3854 317 3864 -
346 3827 525 3894 coaptaverat
604 3825 782 3895 adflictabct]
810 3825 860 3879 Die
887 3829 957 3879 erata
982 3823 1142 3878 Handlun
1149 3841 1168 3892 g
1195 3840 1248 3876 war
1275 3823 1318 3876 ab·

96 3915 257 3980 gaschlossen
282 3915 336 3968 und
358 3915 405 3969 dar
427 3915 842 3984 hervorgegsngonaZustand
863 3913 973 3968 —dass
998 3913 1039 3967 dia
1057 3912 1242 3980 Kriegsschiffa
1267 3911 1319 3966 roll

96 3999 197 4058 Waaser
216 4021 301 4058 waren
321 4033 354 4041 -
374 4004 508 4071 baharrte,
534 4004 657 4058 wahronel
681 4004 722 4056 die
745 4003 840 4057 andere
858 4003 1002 4071 Handlung
1024 4002 1091 4056 noch
1109 4001 1263 4056 fortdauert.
1283 4031 1317 4040 -

97 4091 247 4162 adflictare]
274 4092 497 4162 „lreschiidigen“.
523 4124 555 4132 -
581 4092 704 4159 facultas
722 4092 821 4159 datter]
847 4091 912 4162 Kap.
932 4092 975 4158 21,
995 4092 1020 4146 9.
1048 4119 1080 4129 -
1107 4089 1317 4157 udrniaistrare]

96 4177 157 4249 Kap.
176 4183 218 4248 23,
237 4183 263 4235 2.

166 4283 188 4325 a.
206 4271 327 4326 navibus
344 4271 458 4340 fractis,
478 4288 540 4326 cerm
558 4278 645 4327 000001
723 4270 849 4337 inutiles]
874 4268 935 4324 Anl.
949 4268 1003 4324 w.
1040 4268 1139 4338 sraapi
1157 4268 1194 4321 iat
1212 4267 1259 4320 der
1275 4283 1318 4335 ge-

98 4357 235 4415 uohnlioho
249 4360 388 4415 Ausdruck
401 4361 443 4414 fiir
457 4360 618 4428 „scheitcrm
633 4360 819 4416 zerschcllen“.
836 4389 868 4398 -
888 4359 1006 4425 suasibus
1020 4358 1139 4425 00110010]
1153 4356 1213 4411 Anl.
1228 4353 1317 4410 111.-
