3086 4920
514 386 611 442 Comm.
629 387 675 454 Vl,
693 404 715 442 c.
736 388 849 442 12-14.
1239 385 1294 448 2⁰3

70 549 144 631 quid
167 567 205 614 ex
225 547 411 630 contagione
434 547 624 612 incommodi
648 549 813 631 accipiant,
836 566 940 630 neque
963 548 1013 613 his
1036 551 1218 632 petentibus
1241 551 1293 616 ius

70 655 212 720 redditur
241 635 345 736 ncque
374 653 473 721 honos
504 654 589 718 ullus
619 655 880 723 communicatur.
925 653 984 718 His
1015 657 1124 720 autem
1147 657 1320 722 omnibuss

69 761 234 826 druidibus
256 746 385 844 praeest
407 779 502 837 noue,
526 761 581 842 qui
604 779 764 826 summam
779 761 863 826 inter
879 779 932 826 eos
947 761 1046 826 habat
1061 763 1292 828 auctoritatem.

69 868 135 932 Hoc
157 869 286 932 mortuo
316 868 388 944 aul,
418 867 446 932 si
476 867 532 949 qui
561 886 598 932 ex
627 867 757 950 reliquis
788 867 913 933 excellit
942 867 1114 950 dignitate,
1144 870 1319 947 succedil,o

68 977 131 1051 aut,
155 975 185 1038 si
208 975 285 1038 sunt
305 975 413 1060 plures
436 991 543 1056 paras,
569 973 719 1056 suffragio
742 974 909 1052 druidum,
930 993 1173 1057 nonnumquam
1196 977 1293 1041 etiam

68 1081 164 1145 armis
188 1079 227 1145 de
250 1081 430 1163 principatu
454 1080 659 1145 contendunt.
690 1075 733 1144 Hi
755 1082 841 1145 cerlo
865 1081 940 1145 anni
962 1083 1103 1164 tompore
1124 1082 1158 1146 in
1177 1083 1293 1148 finibus
1308 1099 1340 1143 io

69 1187 262 1264 Carnutum,
286 1205 369 1270 quae
392 1186 479 1268 regio
502 1187 601 1251 totius
625 1186 746 1252 Galliae
769 1187 875 1252 media
897 1188 1048 1266 habetur,
1071 1189 1239 1253 considunt
1260 1188 1293 1252 in

70 1295 134 1358 loco
159 1296 353 1358 consecrato.
398 1293 471 1358 Huc
497 1312 606 1358 omnes
635 1293 793 1375 undique,
823 1294 878 1376 qui
908 1295 1137 1360 controversias
1166 1295 1293 1374 habent,

68 1401 262 1465 conveniunt
291 1419 461 1482 eorumque
493 1399 629 1465 deorelis
660 1400 848 1482 iudiciisque
883 1403 1004 1483 parent.
1055 1401 1231 1484 Disciplina
1260 1401 1293 1466 in
1307 1419 1335 1460 ιι

69 1507 238 1572 Britannia
261 1510 387 1589 reperta
410 1509 507 1588 atque
530 1506 603 1571 inde
626 1507 658 1571 in
683 1506 822 1572 Galliam
845 1509 1003 1572 translata
1034 1526 1103 1574 esse
1134 1508 1294 1573 existima·
1402 1589 1405 1596 .

69 1617 129 1690 hur,
153 1616 187 1678 el
210 1632 305 1687 nuno,
328 1614 383 1696 qui
405 1613 588 1695 diligentius
612 1633 683 1679 eam
705 1633 774 1679 rem
796 1633 982 1696 cognoscere
1005 1615 1132 1692 volunt,
1155 1616 1336 1697 plerum-12

70 1739 130 1801 que
153 1720 210 1784 illo
233 1720 374 1785 discendi
398 1737 495 1784 causa
516 1720 767 1802 proficiscuntur.

156 1826 295 1890 Druides
325 1845 344 1890 a
369 1827 452 1892 bello
476 1827 585 1892 abesse
616 1830 809 1892 consuerunt
840 1844 943 1910 neque
973 1828 1095 1892 tribma
1124 1847 1189 1892 una
1220 1847 1293 1894 cum
1304 1829 1350 1890 14

70 1933 201 2014 reliquis
230 1933 389 2016 pendunt,
418 1933 551 1999 militiae
574 1935 772 1999 vacationem
802 1935 1007 2017 omniumque
1037 1953 1146 1999 rerum
1174 1935 1294 2000 habent

70 2040 316 2104 immunitatem.
368 2039 478 2104 Tantis
508 2039 636 2105 excitati
664 2041 813 2123 praemiis
844 2042 877 2106 ch
906 2059 965 2106 sua
993 2043 1104 2124 sponte
1130 2042 1226 2105 multi
1260 2041 1318 2105 ina

70 2145 270 2228 disciplinam
301 2147 492 2211 conveniunt
521 2149 554 2211 et
577 2148 801 2230 aparentibus
831 2148 1079 2230 propinquisque
1108 2149 1292 2212 mittuntur.

71 2253 225 2334 Magnum
246 2253 291 2317 ibi
317 2271 488 2319 numerum
510 2272 661 2318 versuum
684 2253 822 2319 ediscere
845 2253 1004 2318 dicuntur.
1049 2254 1164 2336 Itaque
1193 2272 1317 2319 annoso

70 2359 213 2425 nonnulli
236 2359 297 2422 XX
319 2361 352 2424 in
376 2359 540 2443 disciplina
563 2362 759 2442 permanent.
803 2360 914 2442 Neque
938 2360 986 2424 las
1014 2379 1082 2425 esse
1111 2361 1294 2426 existimant

69 2537 238 2595 commodum
256 2537 390 2606 occipere]
416 2554 468 2604 „au
486 2536 605 2591 Schaden
622 2538 772 2592 hommen“.
797 2564 829 2574 —
852 2536 1023 2606 procaces]
1049 2535 1110 2591 Ani.
1129 2535 1163 2590 H.
1190 2567 1223 2576 —
1247 2537 1294 2593 ios

69 2625 192 2694 reddere]
211 2626 249 2680 ist
267 2626 362 2680 ebcnso
380 2625 518 2694 stdndigcr
529 2624 669 2680 Ausdruok
686 2627 729 2679 hir
746 2626 788 2679 die
801 2625 954 2694 Thatigkeih
970 2625 1017 2679 das
1034 2625 1165 2692 Richters,
1186 2625 1231 2679 cie
1248 2626 1295 2681 ius

69 2719 158 2784 petere
179 2715 223 2768 far
246 2714 309 2782 den,
336 2715 382 2768 dor
405 2714 497 2768 darum
520 2714 678 2782 nachsuoht,
703 2714 762 2768 dois
784 2715 839 2768 ihm
856 2714 944 2768 Recht
965 2714 1125 2784 gesprochen
1147 2715 1239 2768 werde.
1258 2745 1293 2754 —

70 2803 300 2873 manicatas]
320 2803 434 2857 ndmlich
453 2820 517 2860 eam
533 2804 589 2870 him
610 2804 647 2858 sie
664 2804 816 2859 behommen
835 2803 928 2858 hainen
946 2803 1044 2858 Anteil

142 2906 166 2948 s.
190 2899 243 2948 aot
321 2893 382 2961 aad]
407 2892 500 2946 fdhren
523 2892 565 2946 die
588 2893 650 2948 awai
667 2892 738 2947 Teile
761 2893 807 2948 dos
825 2892 1003 2963 Hauptsataes
1026 2893 1076 2946 ein.
1102 2922 1136 2932 -
1160 2891 1292 2960 wecedil]

69 2983 130 3036 Anl.
144 2982 182 3049 U;
202 2985 273 3036 selae
287 2982 374 3035 hinter
387 2981 447 3036 dom
460 2981 703 3050 Badingongssatze
716 2981 757 3034 als
770 2981 882 3050 Subjekt
896 2980 1002 3046 „dieser
1008 2981 1023 3008 “
1038 2981 1094 3034 ein!
1109 3017 1145 3026 -
1157 2980 1293 3050 suffragio

128 3071 311 3138 secundant]
336 3069 386 3124 Die
403 3069 482 3124 Wahl
506 3070 544 3124 ist
567 3071 623 3124 also
647 3069 689 3124 ein
707 3069 810 3135 misal,
835 3069 919 3122 durch
942 3069 1052 3124 welches
1076 3070 1114 3124 sic
1137 3069 1188 3123 don
1210 3069 1298 3127 saraa

70 3161 133 3214 dher
151 3160 193 3214 die
211 3160 315 3214 oborste
332 3158 431 3213 Wdrde
449 3159 626 3214 eutscheiden.

145 3262 183 3304 so.
206 3248 309 3315 mio]
334 3251 433 3302 arsetae
456 3248 540 3301 durch
563 3248 605 3302 ein
629 3247 844 3302 Substanhivum!
869 3281 904 3294 -
932 3247 1090 3316 coroddam]
1117 3247 1177 3315 „sie
1201 3247 1292 3301 halten

68 3337 210 3410 Sitzuug“.
1229 3361 1231 3366 ·

143 3439 170 3479 ιι
188 3445 212 3480 u.
231 3437 271 3480 ia.
295 3432 404 3494 repono
429 3427 478 3494 erl]
504 3426 564 3492 „sia
587 3426 625 3480 ish
648 3441 788 3491 ersonneo,
813 3425 1039 3493 aulgelsommen“.
1069 3454 1102 3463 -
1131 3424 1292 3492 lraomsme]

71 3516 133 3569 vird
152 3532 209 3569 vom
228 3513 397 3585 Verpllauzen
416 3514 499 3569 durch
517 3513 568 3569 den
587 3512 702 3570 Giinther
719 3513 873 3582 gebrauchh
898 3543 932 3552 -
957 3519 984 3568 et
1008 3513 1095 3580 nuceo]
1120 3519 1147 3568 el
1168 3513 1293 3568 Meutet

68 3605 150 3659 ditare
169 3603 245 3670 „und
259 3603 373 3673 daher“;
391 3619 467 3659 coreo
486 3603 572 3670 „noch
585 3602 683 3671 jetzt“.
703 3632 737 3641 -
755 3602 814 3671 illo]
833 3602 879 3668 IV,
893 3603 935 3669 20,
950 3603 976 3657 3.
995 3630 1030 3641 -
1048 3602 1176 3658 dicandi
1193 3602 1303 3671 cocco}

72 3717 101 3736 κ
122 3693 290 3762 disciplinae
308 3703 395 3747 cadesa
412 3691 429 3759 ἕ
447 3692 471 3746 4.

140 3780 219 3851 Eup.
240 3780 291 3836 14.
332 3795 352 3834 ι.
376 3780 477 3861 aheqce]
495 3779 562 3850 Kap.
581 3782 607 3846 3,
625 3781 650 3834 5.
671 3807 704 3818 —-
726 3780 904 3848 oonmoerwal]
927 3779 987 3834 Aul.
1006 3779 1041 3847 03
1060 3781 1182 3836 auwoilen
1199 3786 1292 3850 mdgcn

70 3872 107 3925 sie
125 3871 182 3925 sioh
199 3871 337 3924 immerhiu
357 3887 400 3924 am
416 3869 512 3938 Kriege
530 3869 677 3938 boteiligen,
697 3869 760 3922 aber
777 3869 815 3923 sio
833 3868 900 3922 lhun
918 3885 947 3924 es
965 3869 1035 3923 daun
1052 3869 1195 3938 freiwillig;
1207 3869 1293 3923 recht-

70 3960 121 4013 lich
144 3959 277 4029 genielsen
301 3959 339 4013 sie
356 3958 473 4012 lheiheit
494 3975 553 4012 vom
570 3957 769 4027 Kriegsdianst3
794 3956 889 4025 gerade
912 3973 941 4011 so
962 3957 1001 4012 ish
1022 3957 1066 4012 ihr
1082 3957 1236 4012 Varhiltnis
1260 3973 1292 4010 au

69 4048 119 4102 dan
132 4048 259 4118 Abgaben
275 4065 301 4102 u.
311 4065 332 4102 s.
342 4065 373 4102 w.
394 4077 427 4086 ——
445 4048 563 4114 caeoldo,
581 4046 755 4114 immonsitas]
773 4045 832 4100 Wir
848 4045 934 4100 haban
947 4046 1023 4100 nicht
1036 4047 1098 4100 zwei
1111 4045 1292 4100 verschiedene

70 4137 160 4192 Worte
173 4137 216 4191 fiir
229 4136 299 4192 diosa
314 4135 476 4202 Freiheitem
491 4135 597 4190 ,konnen
616 4136 678 4189 aber
695 4134 736 4189 die
754 4136 864 4190 lotctere
881 4134 1018 4203 genllgend
1036 4133 1198 4202 bezeichnen,
1217 4151 1292 4187 wenn

70 4227 116 4280 wir
133 4241 227 4280 rerum
244 4225 296 4279 mit
314 4225 515 4294 „Leistungen‘⁸
535 4225 695 4289 libersetuen.
1308 4221 1310 4226 '
1344 4210 1346 4214 ¹
1377 4215 1380 4227 '

143 4325 196 4368 au.
212 4328 235 4370 a.
254 4314 422 4384 proemium]
447 4312 529 4367 heilsh
544 4313 604 4382 jede
621 4312 673 4367 aa
690 4312 898 4381 Ausaeichnung,
914 4312 989 4382 jadas
1006 4312 1147 4379 Vorrechh,
1166 4311 1213 4364 das
1231 4325 1302 4380 man,
1359 4299 1373 4324 ''

70 4417 115 4456 vor
128 4401 227 4458 andern
240 4419 333 4458 vorans
347 4403 403 4458 hat.
418 4430 451 4440 -
467 4407 494 4456 et
555 4402 591 4469 el]
609 4401 641 4468 V,
655 4402 681 4468 3,
694 4401 720 4456 ὁ.
736 4430 769 4440 -
783 4401 842 4471 fae]
856 4401 906 4456 mih
919 4399 1064 4470 Negation:
1078 4418 1100 4455 s.
1112 4399 1144 4466 V,
1160 4400 1201 4466 12,
1216 4400 1241 4455 6.
1257 4427 1295 4438 -

122 4491 179 4546 Ion.
194 4489 269 4546 Cas.
283 4491 361 4546 Brun.
376 4489 456 4548 Ginn.
493 4491 527 4545 Π.
1044 4489 1079 4544 14
