3172 4922
223 308 258 369 10
711 307 751 362 Dc
768 308 837 362 bello
856 306 956 363 Gallico

167 476 213 537 1o
292 470 420 536 Caesari
453 469 656 534 renuntiatur
685 468 841 533 Helvetiis
870 487 939 534 esse
967 469 1001 533 in
1032 469 1137 534 animo
1167 489 1223 553 per
1252 487 1364 552 agrum
1395 469 1451 536 Sc·

225 595 404 659 quanorum
427 577 460 640 et
481 575 688 640 Haeduorum
711 575 772 638 iter
795 575 829 638 in
853 574 1031 640 Santonum
1058 575 1137 640 fines
1160 574 1280 654 facere,
1312 576 1367 658 qui
1386 595 1451 642 non

224 684 317 766 longe
342 701 360 747 a
383 682 580 746 Tolosatium
602 681 718 745 finibus
743 681 876 758 absunt,
912 699 992 763 quae
1017 681 1128 746 civitas
1152 683 1257 746 estin
1280 683 1450 766 provincia.

198 789 262 854 ald
286 789 440 866 sitierat,
463 787 671 868 intellegebat
693 804 809 869 magno
833 806 907 851 oum
928 787 1069 870 periculo
1092 788 1270 869 provinciae
1294 789 1450 868 futurum,

223 897 261 960 ut
289 895 434 959 homines
461 892 642 971 bellicosos,
672 892 781 976 populi
803 893 940 957 Romani
968 893 1128 972 inimicos,
1157 895 1234 960 locis
1264 896 1450 977 patentibus

141 1071 144 1078 ,
198 1002 425 1083 smaximcque
448 998 665 1064 frumentariis
688 998 840 1064 finitimos
864 1000 1005 1064 haberet.
1041 999 1089 1065 Ob
1113 1019 1167 1065 eas
1191 1019 1303 1065 causas
1327 1002 1356 1066 ei
1379 1022 1450 1066 mu-

223 1107 345 1186 nitioni,
369 1125 467 1189 quam
482 1105 611 1182 fecerat,
634 1105 668 1168 Τ.
683 1105 861 1170 Labienum
884 1106 1028 1188 legatum
1051 1107 1220 1190 praefecit;
1244 1108 1312 1190 ipse
1335 1108 1368 1171 in
1384 1108 1451 1172 Ita·
1571 1193 1572 1198 ἵ

222 1215 301 1280 liam
327 1213 453 1295 magnis
480 1212 648 1276 itineribus
679 1211 841 1276 contendit
871 1212 1015 1294 duasque
1045 1213 1089 1277 ibi
1117 1214 1257 1295 legiones
1281 1215 1451 1279 conscribit

223 1323 257 1386 et
280 1322 356 1396 tres,
379 1337 461 1401 quae
485 1319 605 1383 choum
627 1317 807 1398 Aquileiam
830 1317 1023 1396 hiemabant,
1055 1337 1092 1383 ex
1114 1319 1255 1384 hibernis
1279 1319 1385 1384 educit
1409 1322 1450 1398 et

225 1444 288 1510 qua
310 1426 489 1508 proximum
511 1424 573 1488 iter
595 1425 629 1487 in
652 1423 837 1489 ulteriorem
854 1423 993 1489 Galliam
1015 1443 1072 1508 per
1086 1425 1184 1507 Alpes
1208 1427 1286 1503 erat,
1310 1445 1383 1492 cum
1398 1426 1449 1492 his

197 1533 368 1616 cquinque
398 1531 574 1613 legionibus
598 1530 644 1594 ire
676 1530 845 1594 contendit.
890 1530 940 1595 Ibi
971 1530 1146 1596 Ceutrones
1176 1533 1208 1598 et
1232 1531 1388 1598 Graioceli
1419 1535 1452 1598 et

226 1638 396 1720 Caturiges
419 1633 496 1701 locis
520 1636 734 1720 superioribus
758 1637 919 1720 occupatis
951 1637 1064 1702 itinere
1089 1639 1262 1703 exercitum
1285 1639 1451 1721 prohibere

199 1747 389 1812 sconantur.
437 1743 661 1827 Compluribus
685 1742 735 1808 his
759 1743 887 1827 proeliis
910 1744 1011 1826 pulsis
1036 1745 1075 1808 ab
1100 1744 1204 1822 Ocelo,
1227 1744 1312 1826 quod
1335 1747 1386 1809 est
1408 1746 1451 1810 ci-

224 1851 350 1916 terioris
372 1849 551 1934 provinciae
576 1852 762 1928 extremum,
785 1850 819 1914 in
841 1850 921 1914 fines
944 1849 1173 1915 Vocontiorum
1195 1851 1357 1915 ulterioris
1380 1870 1452 1935 prc-

225 1958 347 2024 vinoiae
372 1956 422 2021 die
446 1956 580 2039 septimo
603 1957 764 2038 pervenit,
793 1955 866 2021 inde
889 1957 923 2020 in
945 1957 1153 2039 Allobrogum
1175 1957 1271 2036 fines,
1302 1958 1342 2021 ab
1363 1958 1452 2022 Allo-

224 2064 374 2146 brogibus
396 2063 431 2127 in
447 2062 638 2145 Segusiavos
661 2062 834 2127 exercitum
858 2061 954 2126 ducit.
1000 2063 1044 2128 Hi
1060 2065 1135 2127 sunt
1152 2066 1240 2128 extra
1256 2064 1453 2146 provinciam

224 2172 315 2235 trans
338 2162 530 2234 Rhodanum
552 2169 655 2252 primi.

169 2283 212 2344 ll
314 2276 455 2340 Helvetii
477 2276 543 2340 iam
565 2294 622 2358 per
646 2275 811 2357 angustias
835 2278 868 2341 et
889 2276 969 2340 fines
995 2275 1216 2358 Sequanorum
1247 2294 1321 2340 suas
1345 2276 1453 2359 copias

226 2383 434 2448 traduxerant
464 2385 497 2447 et
526 2382 560 2446 in
582 2381 790 2446 Haeduorum
819 2382 898 2446 fines
921 2384 1133 2465 pervenerant
1161 2400 1333 2463 eorumque
1358 2399 1454 2464 agros

198 2491 471 2574 apopulabantur.
508 2487 643 2566 Haedui,
661 2507 734 2552 cum
750 2507 784 2553 se
801 2507 923 2570 suaque
940 2490 979 2554 ab
995 2489 1034 2553 iis
1050 2487 1218 2553 defendere
1233 2506 1297 2553 non
1312 2491 1453 2572 possent,

294 2718 375 2786 Kap.
395 2717 443 2775 10.
484 2729 506 2771 1.
525 2733 579 2772 esse
598 2718 630 2772 iu
648 2717 754 2785 auimo]
773 2734 794 2772 s.
812 2717 879 2788 Kap.
901 2716 924 2786 7,
943 2719 969 2772 3.
988 2747 1022 2756 -
1047 2733 1118 2787 qaae
1142 2717 1252 2787 civitas]
1277 2742 1309 2762 =
1334 2734 1455 2787 quorum

224 2808 333 2877 ciuitas,
351 2807 403 2876 vgl.
422 2806 488 2877 Kap.
508 2807 533 2874 9,
552 2807 577 2862 3.

298 2908 321 2951 a.
340 2911 441 2966 mopso
459 2913 521 2951 cum
535 2895 838 2964 padeburnensem
850 2894 994 2963 futurum]
1014 2894 1144 2961 futurum
1163 2911 1217 2951 esse
1236 2895 1327 2966 htufig
1346 2920 1381 2942 =
1400 2897 1453 2953 Ini.

223 2986 275 3041 fue.
293 3002 344 3040 ron
361 2986 409 3054 ἢκ
426 3001 527 3055 mapuo
545 3002 607 3042 eum
620 2985 748 3054 periculo
767 2984 817 3051 fit:
835 3001 887 3052 „cs
905 2984 943 3038 ist
961 2983 1011 3036 mit
1028 2983 1131 3052 grosser
1149 2982 1247 3039 Geiabr
1263 2985 1454 3053 verbundcn⁴‘;

222 3075 293 3129 kann
298 3073 463 3144 processioa
472 3074 553 3130 Dativ
562 3074 641 3128 scin?
655 3104 689 3112 —
705 3074 915 3151 locopateutc'o]
925 3073 1105 3141 Lundstriche,
1121 3074 1162 3127 die
1171 3061 1255 3127 ueder
1264 3074 1348 3130 durch
1361 3078 1453 3129 nattir-

223 3163 292 3217 licbe
306 3160 424 3217 Cranaen
442 3163 596 3230 geschieden
610 3148 677 3217 noch
691 3163 774 3217 durch
787 3162 1056 3231 Belestigungslinien
1074 3179 1159 3230 gagen
1171 3163 1294 3216 einander
1311 3163 1454 3232 geschlitat

224 3251 292 3319 sind,
310 3269 413 3306 nennen
430 3252 479 3304 wir
496 3250 571 3306 offen.
590 3281 624 3290 -—
644 3251 763 3320 baberet]
782 3251 894 3320 Subjelrt
911 3252 949 3305 ist
967 3268 1014 3304 aus
1030 3252 1192 3326 procinctae
1210 3269 1242 3305 zu
1261 3253 1426 3307 entnchmen.

298 3353 321 3395 a.
341 3357 423 3408 meam
441 3338 557 3407 fecerat]
577 3357 598 3394 s.
617 3339 679 3394 Anl.
697 3340 729 3394 Β.
747 3368 782 3379 -
801 3340 935 3408 praeficio
960 3341 1081 3408 aliquem
1105 3341 1193 3404 dicut
1219 3341 1272 3416 ree]
1298 3341 1363 3408 „ich
1386 3342 1455 3410 gebe

222 3427 371 3499 jemandem
389 3428 438 3481 den
452 3427 544 3482 Befchl
562 3429 657 3482 libcr“.
677 3458 711 3466 —
731 3429 909 3496 conscribere]
927 3429 975 3482 Bei
994 3429 1040 3483 der
1057 3429 1267 3498 Aushebung
1284 3430 1390 3484 worden
1409 3431 1455 3486 dio

224 3517 329 3572 Nomen
347 3517 394 3570 der
411 3515 749 3587 Kriegedienstpllichligen
767 3516 795 3571 in
812 3517 904 3570 Iisten
922 3518 1099 3586 eingetragen.
1117 3553 1153 3564 -
1171 3516 1238 3588 paca]
1257 3535 1278 3572 s.
1293 3513 1360 3589 Kap.
1375 3520 1401 3586 6,
1420 3519 1453 3586 1;

225 3605 444 3660 dchelativeatz
454 3605 589 3660 isthinter
602 3605 858 3676 dasHauptverbum
868 3623 900 3661 au
914 3609 1010 3661 sctren.
1026 3635 1059 3645 -
1076 3601 1118 3661 i're
1136 3607 1290 3674 contendit]
1307 3623 1327 3661 s.
1344 3605 1405 3662 Anl.
1422 3606 1453 3663 C.

297 3708 321 3750 4.
342 3695 402 3750 loca
421 3693 633 3764 utputora1==
652 3694 807 3763 „chen“;
825 3696 968 3764 camaris
987 3713 1007 3750 s.
1026 3694 1087 3750 Aul.
1105 3696 1135 3750 L
1201 3747 1205 3755 .

298 3797 321 3838 o.
341 3783 385 3838 bis
398 3823 405 3837 .
416 3824 422 3838 .
433 3824 439 3838 .
451 3783 554 3852 pulsis]
574 3783 634 3837 sind
647 3782 707 3838 Abl.
722 3784 786 3853 aba,
805 3801 838 3838 zu
851 3783 935 3838 denen
947 3785 1015 3838 noch
1029 3785 1071 3838 ein
1084 3783 1146 3839 Abl.
1160 3785 1237 3840 lustr.
1250 3784 1401 3839 hiuautritt.
1417 3811 1453 3823 -

224 3871 299 3942 quod
317 3876 355 3927 cst
369 3913 375 3926 .
388 3911 412 3928 ..
426 3872 584 3942 mearum]
599 3872 659 3926 Wir·
675 3873 754 3942 lugan
772 3873 815 3927 ein
828 3872 918 3928 Subst.
937 3875 985 3927 wie
1005 3874 1123 3941 „Punkt
1142 3872 1214 3928 Ort“
1229 3873 1316 3928 hinzu.
1336 3903 1370 3912 -
1385 3889 1455 3942 per·

223 3961 310 4028 acuit]
334 3960 400 4031 Kap.
421 3961 445 4028 l,
466 3961 490 4015 1.
510 3989 544 3999 -
563 3962 705 4017 clarioris
720 3962 896 4031 pacatumue]
915 3962 990 4031 giebt
1006 3963 1034 4017 in
1052 3962 1280 4032 ungewdhnlicher
1299 3962 1386 4016 Weiss
1404 3962 1454 4017 das

223 4048 341 4119 grdlsere
351 4047 446 4104 Gcbiet
455 4067 498 4118 an,
508 4050 542 4104 in
552 4050 609 4104 dem
620 4051 662 4104 die
671 4051 740 4118 ficos
752 4051 945 4107 Vocontiorum
953 4051 1062 4120 gelegen
1071 4051 1139 4105 sind.
1154 4079 1186 4089 -
1200 4051 1299 4121 pomi]
1315 4051 1455 4107 rtumlich.

294 4137 374 4207 Kap.
394 4140 440 4194 11.
481 4151 503 4194 1.
523 4139 628 4210 copiae]
648 4139 818 4209 ,‚Scharcn“.

228 4265 240 4277 .
298 4238 321 4282 2.
340 4227 465 4296 Haedui,
483 4228 555 4296 uun]
575 4245 596 4283 s.
615 4228 677 4283 Anl.
695 4228 727 4283 V.
748 4257 781 4267 —
799 4244 827 4283 ce
841 4228 955 4298 suaque]
975 4229 1054 4296 „sich
1072 4229 1126 4283 und
1150 4229 1208 4283 ihre
1231 4229 1340 4283 Habe“.
1364 4257 1399 4267 —
1424 4245 1454 4284 se

225 4315 372 4386 desmdere
386 4317 421 4373 ab
435 4316 542 4389 aliquo]
557 4317 635 4386 „sich
649 4316 818 4386 verteidigcn,
837 4317 963 4372 schiitzcn
976 4335 1031 4373 vor
1045 4303 1108 4372 oder
1119 4335 1222 4388 gegen
1233 4318 1403 4388 jemanden“.
1418 4349 1454 4358 —
