3134 4922
556 363 653 420 Comm.
673 365 705 431 V,
724 381 745 418 e.
764 365 843 420 3-6.
1261 361 1314 424 lle

92 542 158 588 rum
181 524 221 588 ad
245 543 280 588 se
303 525 482 590 oonvooatis
505 525 562 588 bos
587 525 775 606 singillatim
791 523 985 606 Cingetorigi
1008 525 1203 601 oonoilievit3
1229 525 1313 608 quod

93 650 160 696 oum
181 631 297 696 merito
321 632 388 695 eius
412 650 431 696 a
454 649 488 694 se
511 631 580 694 fieri
602 631 823 712 intellegebat,
846 633 917 694 tum
940 631 1049 712 magni
1078 632 1231 696 interesse
1264 630 1323 696 ar?

92 737 265 802 bitrabotur
296 739 364 802 eius
393 737 617 802 auctoritatem
650 738 734 801 inter
764 755 837 801 snos
868 755 965 819 quom
994 738 1170 820 plurimum
1197 739 1313 816 valere,

93 843 175 908 ouius
197 845 269 908 tam
292 845 452 926 egregiam
474 845 508 908 in
532 863 565 908 se
589 845 788 909 voluntatem
810 845 1032 927 perspexisset.
1077 844 1115 908 Id
1143 845 1220 908 tulit
1248 844 1337 910 fao-r

92 952 156 1014 turn
178 951 319 1032 graviter
340 950 594 1028 Indutiomarus,
623 969 716 1014 suem
747 951 884 1031 gretiam
914 951 998 1014 inber
1028 969 1102 1014 suos
1125 951 1240 1028 minui,
1271 953 1313 1028 et,

93 1059 142 1138 qni
162 1057 228 1122 ism
252 1060 329 1122 ante
358 1057 485 1122 inimioo
515 1058 547 1120 in
578 1075 636 1121 nos
666 1057 771 1121 animo
800 1056 930 1134 fuisset,
960 1057 1063 1121 multo
1094 1057 1222 1138 gravius
1253 1057 1313 1121 hoo

92 1163 191 1228 dolore
215 1165 344 1228 exarsit.

173 1270 233 1334 His
257 1270 560 1334 rebuseonstitutis
576 1269 695 1336 Caesar
718 1270 758 1333 ad
781 1272 910 1352 portum
924 1269 1024 1332 Itium
1040 1287 1113 1334 oum
1137 1268 1344 1350 legionibusb

92 1377 237 1458 pervenit.
284 1376 336 1441 Ibi
359 1377 519 1457 eognoseit
541 1375 598 1439 LX
620 1394 734 1452 noves,
766 1393 846 1457 quae
876 1375 910 1438 in
933 1375 1048 1440 Meldis
1078 1373 1181 1440 laetae
1213 1376 1340 1452 erantn

92 1485 279 1566 tempestate
314 1483 446 1548 reieetas
482 1500 612 1547 oursum
647 1484 754 1546 tenere
788 1499 852 1546 non
885 1482 1028 1564 potuisse
1063 1483 1160 1563 atque
1195 1481 1315 1558 eodem,

92 1589 169 1654 unde
192 1591 288 1654 eraut
311 1588 485 1672 profectae,
508 1589 695 1662 revertiss03
718 1589 858 1670 reliquus
882 1589 1012 1671 parabas
1036 1587 1076 1652 ad
1099 1588 1315 1670 navigandum

93 1697 182 1777 etque
207 1696 357 1760 omnibns
380 1696 475 1760 rebus
498 1696 673 1760 instruebas
696 1695 826 1758 invenit.
871 1693 994 1758 Eodem
1022 1695 1186 1775 equitatus
1216 1694 1340 1758 totiuse

93 1801 208 1867 Galliae
232 1802 384 1868 eonvenit
404 1819 537 1866 numero
560 1801 686 1866 milium
718 1802 869 1883 quattuor
899 1799 1120 1883 principesque
1149 1817 1187 1863 ex
1217 1799 1317 1864 omni·

94 1909 147 1972 bus
170 1909 372 1982 eivitatibus3
404 1927 442 1972 ex
473 1909 588 1989 quibus
617 1926 807 1991 perpaueoS,
838 1926 973 1988 quorum
1003 1908 1037 1970 in
1067 1925 1100 1972 se
1127 1907 1223 1972 fidem
1245 1925 1340 1990 per-⁴

94 2017 240 2097 spexerat,
265 2015 446 2096 relinquere
469 2015 503 2078 in
519 2013 633 2092 Gallia,
655 2015 795 2096 reliquos
819 2015 966 2078 obsidum
988 2015 1055 2078 loeo
1077 2031 1185 2078 seeum
1200 2014 1315 2078 dooere

95 2121 281 2199 decreverat,
306 2120 398 2202 qnod,
423 2139 497 2186 oum
519 2121 586 2204 ipse
610 2121 745 2198 abesset,
768 2122 893 2184 motum
917 2119 1040 2185 Galliae
1064 2120 1242 2184 verebatur.

174 2229 255 2293 Erat
273 2246 339 2292 una
354 2247 428 2292 eum
444 2227 557 2292 ueteris
573 2227 750 2292 Dumnorix
765 2227 928 2304 Haeduus,
945 2227 984 2290 de
1000 2245 1062 2308 quo
1079 2227 1153 2291 ante
1170 2227 1209 2290 ab
1224 2226 1347 2290 nobisb

95 2334 207 2400 dietum
231 2337 292 2401 est.
322 2335 417 2398 Hune
440 2353 548 2398 seeum
570 2334 687 2398 bebere
709 2334 866 2416 imprimis
890 2334 1109 2410 eonstituerat,
1133 2332 1218 2414 quod
1241 2350 1316 2397 eum

95 2441 239 2523 eupidum
261 2460 371 2506 rerum
393 2459 557 2518 novarum,
580 2441 731 2524 eupidum
754 2440 893 2523 imperii,
915 2441 1025 2522 magni
1048 2439 1157 2516 animi,
1181 2457 1315 2520 magnae

95 2689 170 2744 muel
191 2691 228 2745 ist
251 2689 305 2744 mit
321 2691 393 2744 einer
411 2689 538 2758 gewissen
555 2687 721 2741 Hbfliohlreit
738 2687 860 2755 gewiihlt.
888 2715 920 2725 ——
948 2686 1064 2742 murillo
1082 2693 1107 2740 te
1125 2685 1226 2754 alteret]
1254 2686 1317 2752 „ioh
1348 2741 1352 2750 ,

95 2777 227 2834 abeundo
246 2779 308 2832 dioh
327 2779 377 2832 mit
396 2778 484 2847 jem.“.
510 2807 544 2815 -
568 2775 643 2844 quod
720 2775 902 2845 intellegebat]
929 2774 995 2830 Gieb
1018 2775 1060 2828 die
1083 2775 1191 2828 relative
1208 2773 1318 2828 Verbin-

95 2865 163 2936 dung
179 2867 237 2922 aul!
260 2895 293 2905 -
313 2866 385 2933 eum]
405 2866 554 2936 eutsprioht
568 2865 626 2918 dem
640 2864 778 2933 folgenden
797 2869 864 2918 tam.
884 2892 916 2902 -—
936 2865 987 2919 boe
1004 2863 1100 2918 merito
1119 2869 1168 2918 teo
1185 2862 1229 2931 fit]
1249 2862 1317 2929 „das

96 2955 222 3010 verdienst
239 2956 307 3010 du“.
332 2985 366 2994 -
389 2956 558 3010 volantatem
577 2960 655 3009 taam
670 2953 812 3022 perspexi]
836 2952 902 3020 „ish
918 2953 986 3006 habe
1003 2952 1073 3006 mieh
1090 2968 1140 3006 von
1158 2951 1248 3005 deiner
1265 2950 1318 3004 An-

96 3043 271 3114 bangbohlreit
288 3045 461 3113 bberrongt“.

161 3146 185 3189 4.
203 3134 237 3188 id
250 3133 359 3200 foetum
370 3134 493 3203 praeite
506 3132 577 3199 fero]
597 3132 675 3199 „dies
688 3129 832 3185 Verlahren
847 3131 985 3198 submernt,
1003 3130 1159 3196 verstimmt,
1179 3127 1318 3182 verdriesat

96 3221 187 3276 mieh“.
207 3252 242 3262 -
260 3221 369 3292 pratia]
388 3219 528 3289 „Gunst“,
549 3221 575 3286 1)
594 3219 635 3273 die
653 3237 714 3273 man
733 3220 837 3273 erweist
854 3243 889 3264 τι
908 3218 1132 3286 „Wohlwollen“;
1151 3217 1179 3283 2)
1197 3216 1239 3270 die
1256 3232 1318 3270 man

95 3310 202 3377 gonielet
221 3335 255 3355 =
276 3309 465 3378 „Beliebtbeit
483 3307 626 3362 Einfluls“.
650 3337 684 3346 -
707 3308 800 3377 etqui
878 3305 989 3374 fuisset]
1009 3306 1092 3374 „und
1103 3321 1156 3359 wer
1173 3321 1203 3359 er
1219 3304 1317 3358 bereits

96 3399 183 3452 verber
196 3441 244 3467 ...,
264 3415 293 3453 so
308 3399 372 3454 ...‘⁴.
393 3427 426 3436 -
444 3397 558 3452 mimico
576 3395 682 3466 animo]
701 3395 762 3450 Aul.
779 3395 807 3456 S.
828 3425 862 3434 -
881 3395 926 3450 bio
945 3395 1033 3462 dolor]
1053 3393 1206 3462 „Submerq
1224 3382 1317 3462 drgor,

96 3484 218 3542 Verdross
236 3487 387 3541 hierliber“.
406 3522 441 3531 -
459 3483 643 3555 medeare]
663 3484 809 3552 „erbittert
826 3483 959 3538 werden“.

161 3575 240 3646 Καρ.
262 3577 292 3632 b.
334 3588 384 3629 ru.
401 3586 425 3630 n.
443 3575 487 3629 bio
504 3575 585 3630 rebus
603 3573 773 3642 constitutos]
791 3573 837 3640 IV,
856 3574 899 3640 23,
920 3574 943 3627 l.
965 3599 998 3610 -
1021 3571 1124 3640 eodan,
1143 3569 1218 3626 uude
1236 3576 1318 3625 munt

93 3665 251 3732 profectae}
268 3663 330 3718 Aul.
353 3664 386 3718 A.
413 3693 447 3702 —
472 3663 616 3733 navigare]
643 3662 751 3729 Iura,
773 3665 795 3716 1.
822 3691 856 3700 -
881 3662 1007 3718 mambae
1031 3660 1124 3727 reboet]
1149 3660 1258 3714 vertritt
1281 3659 1318 3712 im

25 3767 26 3770 ’
96 3750 242 3808 Doubehen
260 3754 302 3808 ein
320 3752 433 3807 Adverb.

165 3856 217 3898 au.
234 3856 259 3896 ⁴.
283 3841 409 3908 numero]
437 3841 487 3894 hut
513 3841 560 3894 auf
582 3840 623 3894 die
647 3839 842 3894 Konsbrulrtiou
869 3839 924 3893 und
950 3838 992 3892 die
1016 3828 1199 3905 Ubersetnnng
1225 3836 1318 3890 keineu

97 3929 210 3985 llinlluss
234 3959 271 3970 —
295 3930 421 3986 obsim
443 3930 510 3997 loeo]
537 3930 607 3995 loeo,
632 3928 888 3996 semermemque
911 3927 961 3981 mit
979 3925 1090 3982 Genetiv
1107 3925 1255 3979 verweudet
1273 3923 1321 3978 der

97 4017 214 4074 lateiusr
236 4020 279 4073 fur
303 4019 350 4074 dus
374 4018 500 4072 deutsche
525 4018 616 4085 „els“,
641 4017 693 4086 vgl.
711 4017 791 4072 eodo
808 4015 854 4084 IV,
873 4017 916 4083 27,
935 4017 961 4070 3.
981 4043 1014 4054 -
1039 4031 1102 4070 eum
1122 4015 1181 4084 ipae
1204 4013 1317 4080 abesset]

99 4105 154 4162 Ans
172 4107 221 4163 D⁵.

164 4196 243 4266 Καρ.
258 4196 289 4252 d.
322 4207 343 4250 ι.
358 4201 419 4251 erat
431 4213 491 4250 eura
505 4211 566 4251 eam
580 4194 686 4264 ueteris]
702 4194 849 4262 „demutor
861 4193 957 4247 boland
971 4193 1027 4247 oieb
1038 4191 1122 4247 neben
1131 4190 1274 4245 anderen“.
1285 4213 1319 4226 -

97 4284 228 4353 waes·
244 4301 338 4340 rerum
354 4283 502 4353 navarrea]
521 4283 584 4338 Wer
601 4283 669 4336 nseb
682 4283 807 4336 Umsturr
825 4282 910 4350 gierig
927 4282 972 4348 ist,
992 4280 1041 4335 den
1059 4297 1161 4334 nennen
1179 4279 1227 4333 wir
1244 4278 1321 4332 einen

98 4373 240 4444 unruhigeu
259 4371 343 4430 ause
362 4403 397 4412 -
415 4373 510 4443 magui
527 4372 625 4438 anim,
643 4385 760 4440 maguus
777 4368 968 4438 ooemritutis]
987 4368 1048 4425 Aul.
1067 4367 1092 4423 S.
1120 4402 1123 4408 -
