3172 4922
230 365 268 429 52
724 371 764 424 De
781 371 857 441 bello
869 369 968 426 Gallico

231 530 492 595 matresfamiliae
509 549 618 596 eorum
634 533 773 596 sortibus
790 534 822 595 et
835 533 1112 597 vaticinationibus
1125 532 1333 612 declararent,
1348 537 1461 600 utrum

207 638 388 720 aproelium
404 638 560 702 committi
583 657 620 702 er
642 657 706 702 usu
722 640 806 702 esset
821 658 936 713 necne;
961 658 1014 704 eas
1030 640 1076 704 ita
1092 639 1211 704 dicere:
1236 641 1307 704 Non
1324 660 1394 706 csse
1410 642 1461 706 fas

233 743 409 809 Germanos
434 763 592 826 superare,
616 744 643 808 si
667 746 741 808 ante
764 764 879 808 novam
901 746 1013 809 lunam
1035 747 1152 828 proelio
1175 747 1422 812 contendissent.

176 857 220 916 bl
320 849 476 914 Postridie
504 852 572 914 eius
601 851 663 914 diei
687 850 804 915 Caesar
826 850 1021 933 praesidium
1043 853 1188 934 utrisque
1218 855 1344 932 castris,
1374 856 1460 937 quod

232 957 310 1022 satis
334 941 404 1021 esse
427 958 532 1021 visum
556 959 613 1035 est,
636 958 775 1039 reliquit,
799 977 907 1023 omncs
932 959 1046 1022 alarios
1069 959 1103 1022 in
1121 961 1294 1042 conspectu
1316 961 1460 1026 hostium

230 1082 286 1145 pro
310 1063 424 1127 castris
446 1064 621 1127 minoribus
646 1065 825 1141 constituit,
850 1065 1062 1146 quodminus
1085 1061 1293 1130 multitudine
1317 1068 1460 1132 militum

230 1170 475 1251 legionariorum
497 1188 553 1252 pro
576 1171 718 1234 hostium
741 1189 873 1235 numero
896 1172 1037 1249 valebat,
1063 1173 1101 1235 ut
1124 1172 1164 1236 ad
1189 1173 1326 1255 speciem
1351 1175 1460 1239 alariis
1576 1223 1577 1230 ,

231 1278 394 1350 uteretur;
422 1276 490 1358 ipse
513 1277 630 1358 triplici
652 1276 810 1342 instructa
834 1277 899 1341 acie
922 1297 1025 1359 usque
1049 1278 1089 1341 ad
1113 1281 1218 1343 castra
1240 1280 1385 1346 hostium
1409 1301 1463 1345 ac·

206 1383 337 1447 acessit.
384 1383 465 1446 Tum
488 1382 617 1446 demum
640 1384 818 1448 necessario
842 1383 994 1449 Germani
1018 1404 1092 1449 suas
1117 1383 1222 1468 copias
1246 1389 1359 1451 castris
1384 1389 1462 1453 edu·

230 1491 346 1553 xerunt
376 1489 617 1570 generatimque
648 1491 884 1554 const'tuerunt
914 1491 1043 1573 paribus
1074 1493 1267 1569 intervallis,
1301 1493 1461 1572 Harudes,

230 1595 459 1672 Marcomanos,
483 1595 638 1674 Triboces,
654 1596 845 1678 Vangiones,
868 1597 1028 1674 Nemetes,
1054 1597 1214 1675 Sedusios,
1239 1598 1368 1678 Suebae,
1393 1621 1461 1665 om·

230 1719 367 1782 nemque
392 1701 492 1765 aciem
515 1719 607 1764 suam
630 1703 733 1767 raedis
758 1705 790 1767 et
810 1703 907 1767 carris
925 1703 1210 1781 circumdederunt,
1232 1724 1272 1768 ne
1298 1725 1362 1787 qua
1386 1726 1461 1790 spes
1523 1783 1526 1789 ,

206 1807 263 1872 ain
285 1807 363 1888 fuga
386 1807 628 1888 relinqueretur.
666 1809 712 1872 llo
728 1808 877 1873 muHeres
893 1810 1122 1893 imposuerunt,
1147 1829 1229 1893 quae
1252 1812 1286 1875 in
1301 1815 1460 1894 proelium

230 1912 463 1995 proficiscentes
486 1917 589 1996 passis
613 1916 760 1979 manibus
784 1915 896 1979 flentes
920 1917 1146 1998 implorabant,
1173 1937 1213 1982 ne
1242 1937 1275 1982 se
1304 1919 1337 1982 in
1362 1923 1462 1986 servi·

230 2020 335 2084 tutem
358 2020 510 2083 Romanis
533 2021 705 2084 traderent.
1576 2085 1577 2126 ,

175 2135 219 2194 52
321 2125 437 2190 Caesar
473 2127 606 2207 singulis
642 2128 818 2209 legionibus
854 2129 996 2210 singulos
1030 2130 1151 2210 legatos
1188 2132 1220 2194 et
1256 2135 1461 2213 quaestorem
1576 2135 1577 2190 l

206 2231 397 2313 rpraefecit,
431 2233 477 2296 uti
509 2251 562 2297 eos
594 2235 694 2298 testes
727 2253 802 2298 suae
834 2235 968 2315 quisque
998 2237 1140 2300 virtutis
1156 2237 1305 2311 haberet;
1340 2239 1408 2321 ipse
1440 2258 1461 2303 a

231 2337 339 2402 dextro
375 2357 487 2416 cornu,
523 2339 606 2419 quod
636 2359 706 2404 eam
737 2343 862 2422 partem
892 2341 1023 2405 minime
1052 2342 1179 2406 firmam
1212 2343 1354 2408 hostium
1389 2364 1460 2410 esse

205 2444 514 2522 aanimadverterat,
544 2447 700 2527 proehum
724 2447 890 2511 commisit.
935 2448 988 2511 Ita
1014 2449 1117 2512 nostri
1146 2450 1260 2514 acriter
1288 2451 1321 2514 in
1349 2452 1462 2517 hostes
1576 2445 1577 2514 ξ

231 2550 320 2631 signo
349 2550 423 2614 dato
450 2552 608 2633 impetum
630 2552 788 2630 fecerunt,
817 2555 927 2634 itaque
955 2555 1065 2619 hostes
1095 2558 1225 2637 repente
1249 2557 1460 2640 celeriterque
1576 2571 1577 2576 ’

230 2659 472 2738 procurrerunt,
502 2659 540 2722 nt
570 2659 710 2740 spatium
739 2660 804 2742 pila
832 2661 866 2722 in
893 2661 1002 2724 hostes
1030 2661 1205 2726 coniciendi
1231 2663 1462 2729 conderetur.

230 2867 355 2922 Schlacht
367 2868 488 2922 liefern“.
508 2899 542 2907 —
560 2871 681 2926 cortibus
747 2871 899 2940 dcchrrarc]
914 2871 973 2925 wir
987 2872 1091 2939 „durch
1104 2873 1154 2928 Los
1222 2875 1295 2928 hund
1308 2875 1408 2930 thun“.
1423 2906 1458 2915 —

229 2973 263 3012 aa
280 2958 345 3024 usa]
364 2955 430 3028 Kap.
444 2959 488 3025 30,
503 2960 528 3013 2.
545 2987 579 2997 -
598 2977 655 3014 nore
673 2965 711 3014 est
727 2959 786 3028 fac]
806 2961 833 3026 1)
852 2977 901 3027 „es
919 2961 957 3014 ist
975 2960 1055 3015 wider
1073 2961 1124 3016 den
1142 2963 1240 3017 Willen
1259 2963 1305 3017 der
1324 2961 1460 3032 Gatur“;

229 3046 257 3111 2)
277 3063 327 3113 „es
345 3046 383 3100 ist
401 3046 517 3101 Siinde“.

300 3134 379 3202 Καρ.
398 3136 444 3190 51.
485 3148 506 3190 ι.
526 3137 594 3190 sans
613 3137 678 3204 cese]
698 3137 907 3204 „ausreichen“;
927 3137 989 3191 Satz
1007 3139 1075 3192 nach
1092 3138 1153 3194 Aul.
1173 3140 1204 3194 Β.
1230 3171 1263 3179 -
1289 3141 1388 3208 chorii]
1407 3142 1461 3196 Die

228 3223 389 3277 Hr'lfsvdlker
406 3225 512 3278 iiihrten
531 3225 581 3279 den
594 3225 695 3279 Numen
715 3227 810 3292 alaoth
830 3226 888 3278 weil
907 3226 945 3280 sie
962 3226 1051 3280 friiher
1069 3228 1116 3280 auf
1132 3229 1181 3282 den
1195 3228 1306 3297 Flligeln
1324 3229 1410 3298 (clue)
1425 3247 1459 3284 ru
1576 3267 1577 3272 ,

229 3312 322 3365 stehen
346 3311 468 3381 pilegten.
493 3341 527 3351 —-
549 3313 604 3368 Vcr
622 3313 695 3382 qaod
713 3316 807 3368 minue
826 3315 926 3367 sohalte
953 3314 1003 3368 den
1021 3314 1082 3368 Satn
1107 3315 1158 3369 mit
1180 3323 1214 3370 ut
1238 3317 1294 3384 ein;
1319 3318 1361 3371 ein
1380 3317 1460 3372 Wcrt

228 3400 294 3454 wird
312 3399 382 3454 donn
407 3401 569 3470 dberfldsrig.
595 3431 629 3440 -
653 3403 869 3470 minusculae]
897 3404 993 3470 „nicht
1011 3405 1085 3458 starlr
1110 3422 1198 3474 genng
1212 3406 1307 3467 ¹rein“.
1334 3436 1368 3445 —
1388 3407 1472 3475 pro}

228 3488 294 3559 Kap.
314 3489 339 3555 2,
358 3488 384 3542 5.
405 3517 436 3526 -
457 3491 564 3558 triplici
644 3491 714 3558 octe]
733 3492 799 3563 Kap.
819 3492 862 3559 24,
882 3492 907 3546 2.

302 3589 325 3630 2.
343 3579 507 3645 neccesara'o]
528 3581 778 3650 ‚,n0tgedrungen“.

302 3678 324 3719 e.
343 3665 385 3732 eo]
403 3666 470 3736 ch.
484 3667 528 3735 42,
542 3667 567 3722 5.
587 3697 621 3707 —
640 3669 678 3723 Zu
688 3670 903 3739 protosecretae]
920 3673 990 3724 setae
1004 3671 1157 3738 „Mbnner“
1173 3671 1234 3725 oder
1249 3671 1410 3741 „Krieger“.
1421 3701 1458 3712 —-

223 3754 329 3823 passu]
347 3755 449 3808 lrommt
466 3755 541 3810 nicht
557 3774 608 3811 von
623 3759 728 3828 potior.
747 3794 783 3804 -
800 3759 906 3828 flentes]
925 3759 991 3830 Καρ.
1007 3761 1050 3827 20,
1065 3761 1089 3814 5.
1109 3791 1144 3798 —
1162 3761 1236 3829 alque
1253 3761 1458 3816 inseruitum

228 3843 316 3897 alicui
336 3843 456 3911 tradere]
476 3844 557 3913 „jem
575 3846 604 3899 in
623 3846 664 3900 die
682 3832 873 3900 Knechtsohaft
888 3847 1023 3916 jemandes
1041 3848 1121 3902 fallen
1139 3849 1257 3902 lassen“.

298 3931 376 3999 Καρ.
396 3932 446 3990 ba.
486 3946 538 3986 1u.
556 3947 578 3989 r.
600 3937 700 4004 leyc'oao'
714 3937 786 4004 alqm
795 3937 956 4006 praeficere]
975 3937 1041 4008 Kap.
1057 3939 1099 4003 10,
1114 3939 1139 3992 3.
1160 3967 1194 3975 -
1213 3955 1231 3991 a
1246 3937 1342 3993 dano
1356 3937 1459 4007 cornu]

228 4037 299 4088 „von
314 4021 412 4075 seinem
425 4022 533 4076 rechten
546 4023 639 4091 Fliigel
653 4025 736 4090 aus“;
756 4025 878 4078 walchem
891 4025 984 4094 Fliigel
998 4026 1044 4079 der
1057 4025 1153 4078 Fcinde
1172 4025 1245 4078 steht
1263 4025 1348 4080 dieser
1361 4043 1458 4095 gagen·

226 4109 312 4162 liber?
343 4110 403 4178 Vgl.
423 4113 438 4180 ἕ
458 4113 482 4165 6.
501 4141 536 4150 -
554 4113 665 4166 minimo
682 4113 800 4180 fiunem]
820 4115 954 4168 dhersetre
972 4114 1022 4167 mit
1040 4115 1099 4168 dem
1113 4113 1276 4184 Superlative
1295 4115 1341 4169 des
1355 4114 1458 4184 Gegen·

226 4197 288 4250 tells
306 4215 356 4252 von
373 4201 483 4266 firmae!

301 4300 323 4341 3.
342 4288 386 4342 ita
465 4289 580 4356 aeriter]
598 4289 647 4343 wie
665 4290 779 4343 naohher
796 4291 840 4344 tta
858 4290 933 4359 (quc)
951 4290 1068 4360 repente.
1093 4320 1128 4329 -
1152 4291 1277 4360 spatium
1357 4281 1457 4360 datur]

226 4393 278 4448 „ee
301 4377 385 4431 bleibt
465 4377 559 4444 Zeit“;
583 4379 713 4450 verpalste
736 4395 797 4432 man
821 4380 870 4433 den
896 4379 1003 4434 rechten
1021 4380 1184 4448 Augenbliclr
1210 4397 1269 4433 zum
1292 4379 1457 4436 Schleudern
