3172 4922
246 377 283 466 66
734 370 774 432 De
792 377 861 432 bello
879 375 979 434 Gallico

196 545 238 607 13
338 540 457 607 Caesar
480 539 640 605 obsidibus
664 539 802 623 acceptis
825 539 937 622 primis
961 537 1099 602 civitatis
1116 538 1211 620 atque
1235 537 1336 621 ipsius
1353 537 1474 604 Galbae

248 648 332 730 regis
356 646 478 711 duobus
501 645 583 710 filiis
598 645 758 728 armisque
782 645 928 709 omnibus
952 662 989 708 en
1013 643 1125 727 oppido
1148 643 1276 709 traditis
1291 645 1325 708 in
1341 645 1475 710 deditio·

209 749 322 818 'anem
353 752 538 818 Suessiones
568 753 689 835 accepit
719 752 955 833 exercitumque
991 751 1024 814 in
1054 750 1238 816 Bellovacos
1269 750 1366 816 ducit.
1412 751 1476 832 Qui

250 878 323 924 cum
358 878 391 923 se
427 876 548 940 suaque
584 858 690 922 onmia
719 858 752 921 in
781 857 933 941 oppidum
959 857 1225 940 Bratuspantium
1255 859 1476 938 contulissent,
1576 868 1577 875 ’

250 968 345 1048 atque
376 965 415 1029 ab
446 983 482 1030 eo
512 963 624 1047 oppido
648 963 768 1029 Caesar
799 983 872 1028 cum
896 965 1036 1029 exercitu
1060 964 1183 1028 circiter
1205 963 1296 1028 milia
1318 981 1476 1048 passuum

250 1073 390 1154 quinque
415 1071 550 1147 abesset,
574 1088 683 1135 omnes
707 1071 842 1135 maiores
865 1073 945 1136 natu
962 1089 999 1134 ex
1022 1070 1135 1153 oppido
1159 1071 1278 1152 egressi
1300 1090 1417 1136 manus
1434 1073 1476 1137 ad

250 1178 419 1244 Caesarem
442 1177 572 1242 tendere
597 1179 629 1240 et
651 1195 727 1242 voce
751 1177 927 1260 significare
951 1179 1124 1260 coeperunt
1147 1195 1216 1242 sese
1239 1177 1272 1240 in
1295 1178 1363 1242 eius
1379 1179 1477 1244 fidem

250 1303 287 1349 ac
309 1284 503 1367 potestatem
518 1283 626 1347 venire
649 1301 752 1365 neque
777 1286 887 1348 contra
909 1284 1064 1366 populum
1079 1283 1259 1347 Romanum
1284 1285 1381 1348 armis
1402 1305 1477 1350 con-

226 1386 387 1455 otende're.
432 1388 526 1466 Item,
550 1407 623 1454 eum
647 1389 687 1453 ad
704 1390 854 1473 oppidum
878 1390 1066 1454 accessisset
1089 1391 1259 1471 castraque
1275 1390 1318 1455 ibi
1332 1395 1477 1474 poneret,

250 1497 340 1580 pueri
368 1495 582 1576 mulieresque
610 1513 647 1558 ex
676 1514 768 1560 muro
797 1496 917 1580 passis,
931 1496 1079 1560 manibus
1109 1514 1167 1560 suo
1189 1515 1276 1560 more
1299 1515 1412 1579 paoem
1436 1500 1477 1564 ab

250 1601 402 1667 Romanis
426 1601 595 1684 petierunt.

200 1713 242 1775 14
339 1708 402 1772 Pro
431 1708 482 1772 his
505 1707 685 1772 Diviciacus
716 1707 804 1792 (nam
833 1712 905 1792 post
936 1709 1114 1774 discessum
1137 1708 1311 1790 Belgarum
1335 1709 1477 1776 dimissis

227 1815 458 1880 aHaeduorum
474 1814 571 1897 copiis
588 1813 628 1878 ad
650 1832 723 1879 oum
740 1815 928 1900 reverterat)
952 1815 1030 1880 facit
1052 1803 1164 1880 verba:
1187 1815 1373 1880 Bellovacos
1389 1818 1478 1881 omni

228 1923 394 2004 atempore
418 1921 451 1984 in
473 1920 536 1984 fide
560 1921 656 2001 atque
681 1920 821 1985 amicitia
844 1921 982 1986 civitatis
1006 1921 1159 1986 Haeduae
1181 1920 1297 1996 fuisse3
1320 1921 1478 2005 impulsos

253 2029 292 2093 ab
317 2027 383 2092 suis
406 2026 609 2110 principibus,
634 2027 689 2108 qui
711 2026 853 2092 (licerent
868 2028 1019 2093 Haeduos
1043 2027 1214 2093 aansarc
1236 2028 1270 2092 in
1287 2029 1478 2094 servitutem

252 2133 397 2198 redactos
414 2151 522 2197 omnes
538 2133 745 2214 indignitates
770 2135 1043 2216 contumeliasque
1059 2133 1206 2218 perferre,
1230 2135 1263 2198 et
1278 2135 1318 2226 ab
1333 2134 1478 2201 Haeduis

227 2239 405 2304 edefecisse
435 2241 467 2303 et
494 2239 609 2322 populo
632 2240 776 2304 Romano
807 2241 926 2306 bellum
957 2241 1112 2306 intulisse.
1167 2239 1230 2319 Qui
1257 2241 1325 2306 eius
1358 2243 1482 2307 consilii

253 2345 412 2429 principes
442 2345 593 2423 fuissent,
625 2346 709 2428 quod
730 2347 962 2430 intellegerent,
987 2349 1141 2430 quantam
1165 2347 1383 2414 calamitatem
1406 2349 1483 2412 civi-

230 2453 316 2517 stati
338 2452 531 2530 intulissent,
555 2453 588 2515 in
603 2452 806 2518 Britanniam
828 2453 1015 2536 profugisse.
1046 2452 1159 2517 Petere
1175 2471 1238 2516 non
1255 2453 1359 2520 solum
1374 2453 1483 2519 Bello-

254 2577 358 2636 vacus,
381 2558 437 2623 sed
461 2558 558 2622 ctiam
581 2577 637 2641 pro
661 2558 711 2622 his
727 2559 886 2638 Haeduos,
909 2564 947 2625 ut
968 2579 1027 2624 sua
1043 2559 1210 2625 clementia
1234 2577 1271 2642 ae
1293 2563 1484 2626 mansuetu-

326 2787 404 2856 Καρ.
423 2786 473 2844 13.
515 2799 536 2842 r.
555 2787 686 2856 acceptis]
706 2804 758 2856 „er
774 2789 834 2843 liele
853 2789 909 2843 sich
926 2789 1047 2857 gcben“;
1066 2788 1125 2843 dem
1142 2788 1333 2859 anteprechend
1347 2789 1484 2846 ubersetze

256 2877 385 2932 auditu!
408 2905 438 2914 —
457 2875 569 2947 primic]
587 2876 625 2930 ist
642 2876 700 2930 hier
718 2876 887 2941 Sabetanum
907 2877 990 2931 durch
1009 2883 1091 2946 utque
1108 2877 1146 2932 ist
1163 2895 1192 2932 ee
1209 2878 1261 2932 mit
1282 2879 1351 2946 filiis
1372 2880 1484 2935 rerbnn·
1577 2891 1578 2906 ¹

256 2965 314 3022 den.
334 2994 369 3004 —
387 2966 419 3020 c'u
437 2965 605 3020 deditionem
623 2965 757 3036 accipere]
777 2952 861 3034 Ι,’28,
880 2966 905 3020 2.
1359 2966 1362 2974 ’

328 3067 352 3110 a.
371 3055 421 3124 qai
492 3055 682 3123 contulissent]
701 3055 791 3109 macho
809 3072 842 3109 zu
859 3055 943 3110 ciuem
961 3055 1140 3126 Hauptsatae,
1160 3055 1214 3109 und
1231 3055 1343 3124 beginne
1360 3060 1419 3112 crst
1437 3058 1485 3114 dae

255 3144 375 3214 folgende
394 3143 526 3212 Satzglied
543 3145 594 3198 mit
613 3144 712 3212 ,‚ale“!
732 3173 766 3183 -
785 3161 889 3214 cacque
907 3144 1011 3214 omnia]
1030 3143 1096 3215 Kap.
1115 3145 1142 3212 3,
1160 3145 1185 3198 2.
1206 3171 1239 3182 -·
1262 3146 1380 3200 maiores
1397 3148 1484 3216 autu]

258 3233 366 3300 „illtere
384 3233 496 3287 Iaute“.
516 3263 549 3270 -
567 3249 632 3288 voce
648 3233 817 3302 άράῇιαει]
837 3233 943 3302 „durch
961 3234 1045 3288 Zurnf
1061 3251 1093 3288 zu
1110 3233 1248 3288 vorstchen
1265 3235 1379 3303 gebcn“.
1400 3265 1435 3275 -
1453 3237 1487 3290 ia

257 3321 338 3388 fidem
356 3337 390 3375 ac
407 3327 570 3390 potestatem
587 3321 693 3390 centn]
711 3321 757 3389 (=
777 3338 805 3378 se
820 3323 994 3391 permittere)
1013 3339 1034 3377 s.
1048 3321 1115 3394 Kap.
1129 3323 1155 3390 3,
1168 3323 1194 3377 2.
1214 3351 1248 3361 —
1266 3324 1355 3380 urrais
1372 3330 1486 3380 emam·

258 3409 504 3479 mfflaLLd

331 3512 355 3553 a.
369 3497 475 3568 paceio]
493 3498 516 3565 Ι,
534 3498 578 3566 51,
596 3499 622 3554 3.
641 3528 676 3537 —
695 3515 747 3554 suo
765 3500 850 3567 more]
868 3499 964 3568 gehdrt
982 3516 1040 3554 aum
1057 3499 1265 3570 Hauptverbum.

329 3586 409 3655 Καρ.
427 3588 474 3641 14.
516 3599 536 3644 t.
554 3587 637 3642 cerba
655 3585 748 3654 fucere
761 3587 827 3657 pro]
845 3589 903 3642 hier
922 3588 1067 3656 „Fdrbitte
1085 3589 1204 3658 einlegen
1222 3588 1297 3642 flir“.

331 3687 354 3730 ε.
374 3676 407 3730 iu
423 3675 477 3742 fida
495 3681 578 3745 atque
596 3677 722 3732 amicitia
739 3678 791 3745 eat]
811 3694 862 3745 „cr
878 3679 918 3732 ist
934 3679 978 3732 ein
997 3681 1086 3732 uouer
1103 3676 1237 3731 Freund“.

331 3775 355 3818 a.
373 3763 517 3833 impulsos]
535 3765 754 3834 (‚‚aufgehatzt“)
776 3767 815 3820 ist
831 3767 967 3838 Particip‚
991 3766 1038 3820 das
1062 3766 1190 3820 Pridilrat
1211 3765 1279 3834 folgt
1305 3768 1408 3838 apator,
1433 3767 1488 3822 ein·
1577 3757 1578 3832 l

257 3852 367 3922 aaran
383 3851 466 3906 duan
484 3858 512 3908 a
591 3861 617 3910 a
635 3856 667 3921 a.
687 3854 709 3922 1,
725 3855 772 3928 13,
790 3855 827 3920 4).
847 3883 875 3894 -
906 3856 939 3910 a
964 3856 1126 3910 maecum
1150 3855 1285 3925 raucae]
1311 3853 1380 3922 „ar
1396 3854 1488 3910 unna
1577 3841 1578 3868 ³

256 3941 414 4012 hingigkeit
431 3942 585 3997 berauben“
604 3940 777 4012 (Gegensatrz
795 3944 829 3998 ia
846 3944 1001 4000 iscariotem
1018 3943 1182 4009 vindicare).
1202 3972 1237 3982 -
1255 3957 1346 3998 ornam
1359 3944 1486 4014 indigni·

260 4030 340 4098 tam]
360 4030 434 4098 „alle
452 4029 537 4086 Arten
554 4031 778 4100 Erniedrigung“.
798 4061 832 4070 —
851 4033 890 4086 Zu
903 4032 1031 4102 paleare
1049 4032 1101 4100 vgl.
1120 4030 1181 4086 Aul.
1200 4029 1247 4086 N’.

331 4131 356 4174 c.
375 4120 425 4189 qai
442 4119 637 4190 ,Μάριε
649 4120 778 4190 fussam]
797 4120 833 4174 Es
851 4125 952 4190 gendgt
976 4121 1023 4174 das
1047 4119 1165 4175 einfaehc
1184 4120 1386 4196 Substantirum
1410 4121 1490 4189 „An-

260 4207 386 4274 stifter“;
405 4208 461 4262 dios
480 4209 545 4262 wird
563 4207 675 4276 Subjclrt
694 4225 726 4262 au
744 4209 783 4263 all
801 4208 852 4262 den
869 4209 1009 4278 folgenden
1026 4209 1139 4264 Verbera.
1159 4235 1193 4246 -
1212 4209 1401 4266 selandicum
1419 4211 1491 4266 άυεῗ-

260 4295 316 4351 aaa
334 4295 447 4366 infern]
466 4296 594 4364 „Uchoil
612 4296 734 4366 Ungldck
751 4297 817 4352 tiber
834 4296 885 4351 den
903 4297 981 4352 Stast
998 4297 1142 4367 bringen“.

334 4397 357 4440 a.
376 4385 521 4442 clementio
539 4384 593 4454 uta]
614 4383 776 4452 „Grolsmut
792 4385 890 4440 waltun
907 4386 994 4441 lusson
1002 4387 1031 4454 “3
1050 4402 1104 4440 uss
1122 4385 1217 4440 driclrt
1233 4402 1288 4441 aaa
1306 4385 1380 4441 aus?

127 3461 139 3507 'c
