3134 4922
202 350 253 409 tel
692 352 731 404 De
749 352 817 405 bello
836 351 935 406 Gallico

203 512 243 576 ad
266 512 481 594 navigandum
504 513 651 589 inutiles,
681 531 814 594 magna,
844 512 876 575 id
906 511 990 593 quod
1019 531 1148 576 neeesse
1179 515 1249 575 erat
1279 511 1439 588 accidere,

177 619 301 683 atotius
318 619 473 683 exercitus
489 619 684 701 perturbatio
701 618 786 683 faeta
802 621 859 682 est.
888 618 999 699 Neque
1016 619 1101 682 enirn
1116 635 1213 682 naves
1230 618 1439 694 eremeliae,

203 726 318 807 quibus
342 725 496 808 reportari
526 728 671 807 possent,
702 727 734 789 et
763 725 869 789 omnia
898 725 1044 799 deerant,
1075 743 1155 805 quae
1180 725 1219 788 ad
1243 723 1439 789 reficiendas

202 851 299 898 naves
324 834 416 896 erant
438 833 527 909 usui,
551 835 598 908 et,
629 832 712 914 quod
743 832 889 896 omnibus
913 832 1080 895 constabat
1103 831 1243 894 hiemare
1266 831 1298 894 in
1323 830 1440 894 Gallia

202 941 354 1022 oportere,
377 938 575 1004 frumentum
597 939 647 1002 his
671 939 703 1001 in
727 939 805 1002 locis
828 939 861 1001 in
885 939 1022 1002 hiemem
1045 938 1207 1020 provisum
1230 956 1293 1001 non
1316 941 1401 1001 erat.

149 1051 192 1112 dd
291 1045 413 1124 Quibus
437 1046 532 1110 rebus
549 1046 684 1128 cognitis
707 1046 865 1129 principes
881 1045 1076 1120 Britanniae,
1100 1046 1154 1126 qui
1177 1046 1250 1126 post
1272 1045 1439 1127 proelium

203 1152 242 1216 ad
259 1152 429 1218 Caesarem
444 1153 665 1229 convenerant,
688 1153 771 1217 inter
795 1171 828 1216 se
853 1152 1007 1228 collocuti,
1032 1170 1105 1215 eum
1128 1151 1251 1232 equites
1276 1153 1308 1215 et
1330 1170 1436 1215 naves

203 1261 236 1324 et
259 1259 457 1322 frumentum
472 1259 625 1322 Romanis
649 1258 759 1323 deesse
782 1259 1007 1340 intellegerent
1026 1260 1059 1322 et
1078 1255 1272 1340 paucitatem
1288 1258 1436 1322 militurn

203 1384 240 1430 ex
263 1367 442 1429 castrorum
465 1365 637 1446 exiguitate
661 1365 901 1446 cognoscerent,
932 1383 1013 1446 quae
1037 1364 1096 1428 hcc
1126 1367 1218 1428 erant
1246 1364 1343 1429 etiam
1375 1383 1438 1428 an-

204 1472 360 1554 gustiora,
385 1471 469 1553 quod
493 1472 559 1535 sine
582 1470 818 1554 impedimentis
842 1471 960 1536 Caesar
983 1471 1122 1552 legiones
1146 1473 1437 1554 transportaverat,

179 1578 360 1660 aoptimum
384 1577 471 1642 factu
495 1597 564 1642 esse
588 1577 748 1642 duxerunt
771 1578 940 1642 rebellione
957 1577 1042 1642 facta
1058 1577 1218 1641 frumento
1235 1581 1437 1642 commeatu·
1489 1589 1495 1604 ·

205 1702 266 1765 que
295 1687 419 1748 nostros
449 1685 613 1768 prohibere
644 1686 676 1748 et
705 1703 773 1748 rem
803 1685 835 1748 in
865 1684 1002 1748 hiemem
1038 1683 1227 1766 producere,
1262 1683 1346 1765 quod
1379 1685 1436 1748 his

204 1791 361 1873 superatis
393 1793 449 1854 aut
478 1790 584 1856 reditu
614 1791 795 1854 interclusis
827 1791 987 1855 neminem
1021 1792 1132 1872 postea
1166 1790 1241 1854 belli
1274 1789 1437 1854 inferendi

205 1915 301 1962 causa
324 1898 357 1961 in
381 1897 581 1961 Britanniam
605 1898 816 1962 transiturum
840 1896 1048 1961 confidebant.
1083 1896 1198 1976 Itaque
1222 1915 1333 1960 rursus
1357 1915 1437 1960 oon-

204 2004 358 2068 iuratione
388 2003 473 2068 fecta
503 2004 659 2086 paulatim
690 2022 727 2067 er
757 2004 870 2067 castris
904 2002 1063 2066 discedere
1099 2004 1132 2066 et
1166 2021 1239 2066 suos
1276 2003 1358 2066 clem
1395 2022 1443 2066 ex-

205 2110 289 2190 agris
314 2109 468 2174 deducere
493 2113 672 2192 coeperunt.

151 2221 192 2281 31
294 2218 337 2279 At
359 2215 485 2292 Caesar,
509 2216 570 2280 etsi
592 2216 733 2280 nondum
757 2235 866 2280 eorum
890 2217 1021 2280 consilia
1044 2219 1242 2296 cognoverat,
1266 2219 1375 2279 tamen
1400 2219 1436 2279 et

204 2341 345 2348 -ο-ω--η-
356 2343 378 2348 .-
385 2343 413 2348 -.-

204 2409 248 2477 id,
272 2410 345 2478 prod
367 2425 472 2464 necesse
496 2416 557 2464 erat
580 2409 717 2477 accidere]
740 2409 797 2462 Wir
820 2409 911 2462 ilihren
932 2410 1017 2463 solche
1037 2409 1215 2462 Parenthesen
1235 2408 1317 2462 durch
1338 2409 1430 2474 „und‘

204 2498 254 2552 oin.
291 2497 344 2552 aar
362 2498 409 2551 das
428 2498 504 2552 Wort
524 2498 644 2567 „Folge“
664 2498 713 2551 hat
730 2498 776 2551 der
794 2498 915 2553 lateinor
933 2499 992 2552 lein
1011 2497 1173 2551 Substantia.
1194 2527 1228 2536 —
1244 2498 1436 2566 perturbatio]

205 2587 328 2640 zuweilen
346 2604 395 2640 von
413 2587 543 2655 geistigen
561 2587 757 2655 Stimrnungen:
777 2587 994 2655 „Bostiirzung“‚

277 2689 301 2730 e.
320 2691 407 2744 aeque
477 2677 515 2743 et]
534 2675 600 2746 Kap.
616 2678 640 2741 1,
656 2677 698 2730 10.
714 2704 747 2713 -
762 2675 884 2744 possent]
904 2675 962 2728 Wir
975 2675 1126 2728 verwenden
1140 2675 1182 2728 oin
1196 2675 1306 2728 anderes
1320 2674 1436 2744 Tempus

205 2765 250 2818 des
268 2765 440 2833 Konjunktiv.
461 2795 493 2803 -
517 2766 585 2819 mibi
604 2765 725 2830 coereeat]
745 2781 795 2831 „es
813 2764 851 2817 ist
869 2765 910 2817 b'ir
928 2765 997 2817 mich
1016 2764 1200 2831 ausgamachte
1218 2763 1309 2830 Saehe,
1328 2764 1367 2816 ist
1383 2764 1437 2817 mir

174 2895 175 2898 η
204 2854 424 2908 uniueiielhaft“.
454 2881 482 2891 -
508 2853 679 2919 frumentum
698 2853 841 2921 provisum
862 2869 920 2908 riori
942 2852 992 2922 eet]
1012 2852 1159 2920 procidere
1182 2851 1232 2906 ald
1254 2851 1337 2905 heisst
1360 2852 1437 2905 nieht

204 2960 254 2996 nur
279 2946 381 3010 „etwas
400 2943 513 3009 (verber)
532 2941 694 3007 anordnen“‚
720 2941 832 2994 sondern
857 2941 923 2994 erich
949 2941 1026 3008 „sich
1049 2941 1099 2994 mit
1122 2942 1203 2994 etwas
1226 2940 1365 3005 mesebon,
1391 2941 1435 2994 fiir

203 3035 284 3085 etwas
303 3033 426 3100 sorgen“.
447 3061 479 3068 —
499 3031 542 3084 bis
559 3031 592 3083 ier
609 3030 688 3097 locis]
707 3054 741 3074 ε
758 3031 811 3083 bac
828 3031 860 3083 iro
879 3036 961 3084 terra
982 3061 1015 3068 —
1034 3031 1066 3082 ire
1083 3028 1206 3096 hiemem]
1225 3030 1257 3082 ire
1276 3029 1326 3082 mit
1340 3029 1434 3083 Aecus.

203 3121 354 3174 bezeichnet
372 3121 411 3174 cit
429 3121 471 3173 die
489 3119 554 3184 Zeit,
573 3120 615 3172 fiir
634 3119 729 3173 welche
747 3126 828 3174 etuas
847 3120 987 3172 berechnet
1005 3119 1050 3173 ist.

276 3208 353 3277 Kap.
373 3209 423 3263 30.
467 3222 485 3262 r.
505 3209 605 3276 quibes
618 3209 699 3262 rebar
713 3208 841 3276 cognitis]
860 3207 920 3262 Anl.
934 3208 966 3261 K.
987 3237 1020 3246 -
1039 3208 1113 3262 ieter
1131 3223 1158 3261 ee
1177 3205 1317 3274 collocuti]
1336 3205 1397 3260 Anl.
1411 3206 1438 3259 U

203 3315 229 3350 u.
244 3295 289 3349 Ψ.
305 3327 337 3334 -
349 3298 494 3364 paucitas]
509 3297 636 3365 „geringe
651 3297 778 3362 Sttrlre“;
798 3297 989 3366 entsprechond
1002 3298 1087 3350 libers.
1103 3295 1218 3350 nachher
1232 3281 1384 3364 exiguitas!
1400 3323 1437 3333 -·

203 3385 265 3451 boc]
284 3385 376 3438 'Diescr
389 3383 478 3439 Ablat.
498 3386 573 3439 weist
591 3387 637 3438 alif
653 3384 703 3438 den
718 3383 811 3438 Grund
829 3385 884 3445 hin.
903 3385 950 3437 der
967 3384 1082 3438 naehhor
1101 3384 1183 3438 durch
1201 3384 1276 3452 meod
1342 3391 1437 3439 trona-

200 3478 362 3542 porteeerat
375 3474 519 3541 mitgeteilt
533 3473 605 3527 wird.
625 3503 658 3512 -
679 3473 771 3542 etiem]
790 3473 854 3526 Was
868 3474 993 3527 bedcutet
1007 3473 1091 3527 dieses
1104 3474 1173 3527 baini
1186 3473 1381 3543 Komparativ?

279 3573 301 3614 2.
321 3559 411 3632 facta]
431 3561 496 3615 wird
515 3562 590 3616 nicht
603 3563 737 3616 libersetzt
751 3561 792 3614 bei
808 3561 857 3615 den
871 3561 1029 3630 Adjektiven
1048 3562 1164 3628 leicht‚
1183 3564 1250 3630 gut.
1271 3592 1304 3600 ·—
1325 3562 1436 3628 ducere]

203 3651 285 3705 bitere
305 3675 338 3694 =
358 3651 521 3704 existimare.
546 3681 579 3689 -
602 3651 773 3706 rebellionem
791 3650 893 3718 faeere]
913 3654 974 3719 sagt
992 3667 1051 3704 rnen
1070 3667 1119 3705 uon
1139 3650 1196 3704 dern
1215 3651 1371 3718 Besiegten‚
1389 3651 1439 3704 der

204 3740 254 3793 den
273 3738 355 3806 Krieg
373 3743 502 3792 erneuort.
522 3739 583 3792 Sata
602 3739 668 3792 nach
687 3740 747 3794 Anl.
761 3738 806 3793 12³.
826 3769 860 3778 —·
884 3738 1064 3808 ferocientem]
1083 3764 1118 3783 =
1137 3739 1183 3792 der
1200 3739 1376 3792 Mundvorrat
1394 3739 1439 3792 liar

203 3828 358 3893 Menschen;
379 3833 544 3881 commeatus
553 3851 587 3870 =
598 3827 639 3880 dic
652 3828 923 3893 Lobensbediirthisso,
939 3828 1033 3882 welche
1047 3827 1185 3896 zugefdhrt
1198 3827 1301 3880 werden
1316 3832 1437 3892 mlisscn3

199 3917 273 3986 jedes
298 3934 346 3969 von
372 3915 464 3968 beiden
484 3914 592 3969 Worten
616 3916 685 3969 kann
709 3917 758 3970 mit
777 3917 944 3984 ‚,Proviant“
964 3918 1099 3970 iibersetet
1121 3916 1231 3970 werden.
1269 3916 1367 3969 Stehon
1394 3916 1436 3969 sio

202 4004 424 4070 nebenoinander,
449 4021 478 4057 so
497 4020 573 4072 sago:
599 4005 747 4069 „Proviant
765 4006 819 4058 und
838 4005 954 4072 sonstige
973 4005 1102 4058 Zufuhr“.
1130 4035 1163 4042 —
1187 4004 1342 4073 probibere]
1368 4004 1435 4057 Ver-

202 4095 290 4148 wende
310 4092 537 4161 „abschneiden“!
558 4122 592 4131 -
611 4094 653 4147 bis
720 4094 889 4161 interclusis]
909 4094 969 4148 Anl.
982 4093 1031 4146 K³.
1047 4125 1080 4133 -
1100 4094 1162 4148 belli
1175 4093 1318 4159 inserendi
1332 4093 1436 4160 eausa]

203 4185 251 4252 „in
270 4182 457 4250 kriegerischer
475 4180 617 4235 horreret
644 4213 677 4220 —
700 4183 854 4250 praelatior]
880 4183 922 4236 Sic
940 4184 1036 4251 gingen
1055 4183 1110 4235 also
1129 4183 1266 4236 einzeln
1285 4181 1376 4235 daron.
1396 4210 1433 4218 —

202 4269 345 4339 dediscere]
366 4270 543 4336 „einberufen
562 4270 732 4324 abberufen“.

272 4360 351 4429 Kasp.
371 4359 423 4414 31.
465 4371 487 4414 r.
513 4365 544 4413 at
624 4358 676 4413 etsi
756 4359 858 4426 teriaca]
877 4359 952 4413 Setae
971 4361 1020 4412 den
1039 4360 1239 4414 Konzessivsatz
1258 4375 1347 4423 voren,
1367 4359 1435 4411 abor
