3086 4920
266 388 317 448 186
756 387 796 440 Dc
814 386 882 440 bello
901 384 1000 441 Gallico

208 556 253 618 68
354 552 509 616 laterln
524 549 564 614 ad
579 547 756 613 Labienum
779 565 835 629 per
852 547 969 610 Remos
985 545 1162 610 incredibili
1178 545 1341 610 celeritate
1364 543 1401 608 de
1421 544 1474 607 ric·

264 658 346 722 toria
361 656 507 722 Caesaris
530 654 617 719 lema
638 653 807 736 perfertur,
830 654 876 729 ut,
899 671 973 717 cum
997 651 1036 716 ab
1059 651 1198 716 hibernis
1220 650 1378 716 Ciceronis
1400 649 1474 713 milia

265 781 418 846 passuum
442 762 569 827 abesset
585 760 709 825 circiter
725 759 791 836 LX,
814 777 914 841 eoque
937 761 1009 842 post
1031 759 1143 822 horam
1158 775 1276 822 nonem
1297 757 1359 821 diei
1374 756 1474 822 Caesar

265 869 470 953 pervenisset,
505 871 578 932 ante
612 865 752 930 mediam
785 868 912 930 noctem
944 865 983 928 ad
1021 867 1129 948 portas
1166 864 1345 928 castrorum
1373 863 1475 927 clamor

266 977 418 1051 oreretur,
441 993 503 1056 quo
527 975 662 1038 clamore
687 972 874 1054 significatio
896 972 1046 1036 victoriae
1071 971 1307 1053 gratulatioque
1328 970 1368 1036 ab
1382 969 1476 1034 Remis

240 1082 404 1146 oLabieno
427 1081 526 1146 fieret.
571 1079 641 1144 Hac
663 1077 751 1143 fama
779 1078 818 1142 ad
842 1079 993 1143 Treveros
1021 1078 1144 1160 perlata
1166 1077 1413 1151 Indutiomarus,
1433 1074 1477 1155 qui

267 1188 394 1271 postero
418 1186 468 1252 die
499 1188 605 1251 castra
626 1185 758 1250 Labieni
787 1203 969 1268 oppugnare
999 1184 1196 1260 decreverat,
1225 1184 1324 1248 noctu
1352 1181 1478 1265 profugit

241 1294 436 1376 acopiasque
460 1309 569 1356 ornnes
597 1292 629 1356 in
660 1291 811 1356 Treveros
835 1290 967 1355 reducit.
1022 1289 1141 1355 Caesar
1169 1290 1303 1354 Fabium
1332 1308 1404 1354 curn
1431 1305 1478 1351 sua

267 1399 388 1480 legione
424 1397 561 1462 remitt't
594 1398 628 1460 in
656 1398 803 1474 bibema,
834 1398 901 1480 ipse
933 1415 1007 1462 cum
1035 1395 1138 1460 tribus
1167 1395 1344 1478 legionibus
1374 1396 1479 1460 circem

270 1504 528 1570 Samarobrivam
557 1504 649 1568 trinis
679 1504 819 1569 bibernis
848 1504 989 1568 hicmare
1020 1502 1185 1567 constituit
1214 1504 1264 1580 et,
1295 1502 1379 1584 quod
1409 1500 1479 1566 tanti

270 1614 378 1675 motus
403 1610 527 1676 Galliae
551 1610 748 1688 exstiterant,
769 1611 872 1674 totam
895 1610 1033 1674 hiemem
1056 1609 1123 1692 ipse
1153 1609 1194 1672 ad
1223 1609 1398 1674 exercitum
1424 1625 1480 1671 ma·

242 1736 343 1782 onere
367 1716 515 1782 decrevit
561 1717 645 1781 Nam
668 1717 722 1780 illo
744 1715 943 1782 incommodo
967 1715 1005 1780 de
1027 1715 1136 1780 Sabini
1157 1718 1259 1780 morte
1282 1717 1404 1799 perlato
1426 1732 1480 1778 orn-

267 1843 324 1888 nes
341 1822 413 1916 *fere
430 1822 551 1889 Galliae
575 1823 720 1888 civitates
745 1823 783 1888 dc
806 1824 888 1888 bello
905 1823 1138 1900 consultabant,
1160 1823 1290 1886 nuntios
1306 1823 1480 1904 legationes·
1523 1859 1524 1892 ,

269 1949 330 2012 que
353 1931 387 1994 in
409 1949 519 1994 omnes
542 1931 649 2012 partes
673 1929 878 1995 dimittebant
900 1932 943 2006 et,
966 1929 1044 2011 quid
1067 1928 1182 2010 reliqui
1198 1929 1321 1994 consilii
1337 1929 1480 2012 caperent,
1523 1905 1524 1940 ¹

269 2039 366 2118 atque
389 2035 474 2101 unde
497 2036 625 2101 initium
648 2037 722 2102 belli
747 2037 847 2113 fieret,
869 2037 1076 2119 explorabant
1107 2039 1327 2118 nocturnaque
1356 2036 1390 2100 in
1417 2034 1479 2100 locis

244 2144 404 2208 adesertis
428 2143 561 2207 concilia
582 2143 752 2208 habebant.
797 2143 909 2224 Neque
933 2143 1037 2206 ullum
1059 2141 1124 2208 fere
1148 2143 1247 2208 totius
1271 2143 1386 2208 hiemis
1414 2145 1482 2206 tem·

268 2268 329 2333 pus
365 2250 431 2314 sinc
456 2247 667 2315 sollicitudine
692 2248 835 2314 Caesaris
858 2249 1054 2326 intercessit,
1079 2250 1155 2331 quin
1186 2250 1327 2331 aliquem
1355 2249 1394 2314 de
1422 2266 1482 2312 con·

244 2356 349 2420 esiliis
380 2375 415 2420 ac
449 2358 539 2420 motu
570 2354 735 2420 Gallorum
770 2356 920 2420 nuntium
955 2355 1119 2439 acciperet.
1149 2356 1216 2419 ‘In
1250 2356 1301 2420 his
1337 2357 1376 2420 ab
1398 2354 1481 2419 Lucio

269 2463 383 2528 Roscio
408 2465 584 2544 quaestore,
609 2479 704 2544 quem
728 2463 844 2544 legioni
866 2463 1122 2527 tertiaedecimae
1146 2461 1358 2544 praefecerat,
1381 2461 1482 2528 certior

269 2569 374 2634 faetus
398 2571 449 2633 eet
470 2587 604 2650 magnas
621 2567 787 2633 Gallorum
811 2569 917 2652 copias
941 2587 1052 2633 aarum
1067 2569 1244 2647 civitatum,
1268 2588 1351 2651 quae
1367 2572 1483 2634 Anemo

798 2799 852 2880 Vl.
878 2797 967 2880 l'ell.

743 2925 842 2986 Kap.
868 2925 1022 2976 58-58.

342 3027 420 3096 Καρ.
441 3027 491 3084 53.
533 3040 554 3083 1.
575 3044 627 3098 per
644 3023 754 3096 Remos]
773 3029 908 3082 riumliclr.
928 3059 962 3066 —
976 3027 1123 3097 perfector
1141 3029 1180 3082 ad
1199 3029 1252 3096 ...]
1270 3029 1337 3100 Kap.
1355 3030 1398 3096 39,
1417 3030 1440 3082 1.
1457 3055 1483 3064 -

269 3122 303 3170 at
322 3157 363 3170 ...
383 3116 517 3183 orerctm]
536 3117 629 3171 Dieser
643 3115 704 3171 Sata
719 3117 789 3171 kann
802 3118 838 3170 im
851 3117 1003 3172 Deutschen
1018 3117 1189 3186 unabhingig
1201 3118 1325 3186 gemacht
1338 3118 1443 3173 werden.
1457 3143 1482 3154 —

270 3222 332 3260 caca
412 3205 525 3272 abesset]
550 3204 614 3259 Wer
631 3205 670 3259 ist
687 3205 798 3274 Subjelrt
815 3205 900 3260 dieses
918 3205 1168 3260 Koneessivsatres‘?
1193 3233 1226 3243 -
1250 3223 1303 3276 quo
1321 3208 1434 3263 amaon

270 3292 355 3360 ficret]
375 3292 433 3346 Wir
445 3293 616 3348 wiederbolen
630 3295 678 3348 das
693 3295 893 3348 Substantivum
911 3295 998 3358 nicht;
1018 3294 1079 3348 Sata
1098 3295 1165 3350 nach
1178 3293 1239 3350 Aul.
1254 3294 1312 3362 N²;
1330 3294 1483 3366 significatio

270 3382 347 3448 piaret
364 3405 399 3425 =
418 3381 636 3451 antemuralem
656 3383 725 3438 mibi
741 3383 896 3454 gratulatio
912 3384 945 3450 fit
963 3383 1027 3450 „ich
1045 3383 1130 3437 werdo
1147 3384 1408 3453 bcgldclrwrinseht“.

345 3491 369 3534 a.
393 3479 515 3547 Gallica]
537 3480 592 3534 Der
610 3479 720 3535 Genetir
738 3483 837 3534 ersetct
854 3480 977 3535 auweilen
995 3480 1138 3535 ritumliche
1155 3481 1379 3552 Bestimmungen.
1399 3511 1429 3521 -
1447 3479 1482 3532 de·

271 3566 391 3635 cernere]
411 3568 489 3634 „sich
506 3568 549 3621 fiir
566 3571 647 3623 etwas
665 3569 863 3624 eutscbeiden“.

344 3676 368 3717 4.
393 3664 426 3718 dc
443 3663 543 3720 Sabini
560 3667 656 3734 morte]
680 3667 754 3736 giebt
771 3667 854 3720 uther
871 3684 918 3734 an,
936 3667 1017 3722 worin
1036 3668 1084 3722 das
1102 3666 1289 3736 Milsgascbiclr
1306 3670 1424 3736 besteht3
1447 3666 1483 3720 wir

272 3756 361 3807 setzen
373 3752 402 3805 in
417 3752 522 3807 solchcn
535 3752 626 3808 Pallen
638 3755 696 3810 cine
705 3755 869 3826 Appositiou.
884 3784 917 3794 —
931 3756 1050 3824 perlato]
1060 3753 1184 3826 perteret
1196 3756 1265 3812 ohne
1277 3757 1374 3812 nabere
1387 3755 1483 3812 Baetim·
1521 3805 1522 3808 ,

271 3859 353 3910 mung
370 3841 451 3896 bitere
473 3842 616 3909 „bekannt
634 3843 748 3897 rnohbar
766 3843 897 3898 werden“.
918 3873 951 3882 —-
970 3845 1040 3913 qaid
1110 3845 1220 3900 coniza
1238 3845 1346 3916 cepiotss
1365 3845 1483 3914 ,melchan
1521 3857 1522 3912 3

271 3929 427 3985 Entscbluls
444 3931 508 3984 hest
525 3930 561 3984 du
578 3931 732 4000 geialstl“;
756 3932 859 4002 reliqui
882 3932 920 3986 ist
942 3933 1017 3986 nicht
1038 3933 1089 3987 mit
1111 3934 1222 3988 comitii
1239 3952 1273 3988 au
1290 3935 1435 3990 verbinden.
1457 3957 1482 3968 -

271 4018 346 4072 eorde
360 4019 405 4086 (=
421 4036 440 4073 c
453 4019 564 4089 qseibcm)
577 4019 692 4074 initiam
705 4020 768 4074 belli
781 4019 888 4086 factum
901 4019 973 4091 ceti]
987 4038 1056 4089 „wer
1069 4022 1118 4076 hat
1131 4025 1220 4076 aucrst
1232 4021 1461 4093 losgeschlagan?“

346 4130 369 4171 s.
389 4116 505 4187 tempas]
524 4133 545 4172 s.
559 4118 639 4172 malla
648 4133 720 4185 pora
733 4118 861 4188 temporis
873 4117 940 4189 Kap.
955 4120 999 4187 40,
1012 4119 1039 4174 4.
1055 4147 1088 4156 -
1106 4119 1269 4188 intercessit]
1288 4120 1357 4192 Kap.
1371 4122 1412 4188 52,
1426 4122 1483 4174 l.-

271 4205 341 4276 qain
420 4205 564 4275 acciperet]
589 4205 663 4259 fiihrt
685 4205 736 4260 den
753 4206 845 4260 Inhalt
867 4224 916 4261 von
934 4208 994 4262 aaa
1012 4207 1198 4264 souicitodiae
1216 4209 1307 4263 walter
1325 4227 1387 4264 aus:
1410 4207 1483 4278 „ohne

273 4294 331 4348 dale
349 4311 379 4348 cr
458 4294 576 4350 erhalten
594 4295 701 4349 haea‘t

345 4404 403 4445 eu.
425 4404 448 4445 r.
473 4391 505 4446 ia
529 4391 582 4459 tis]
610 4391 655 4458 TV,
676 4394 723 4459 12,
742 4394 767 4446 4.
794 4423 827 4432 -
855 4408 952 4448 caram
979 4394 1135 4462 civitatum]
1163 4396 1249 4464 hangt
1276 4413 1327 4450 von
1355 4397 1483 4454 θαϋοτκκ
