<?xml version="1.0" encoding="UTF-8"?>
<!DOCTYPE html PUBLIC "-//W3C//DTD XHTML 1.0 Transitional//EN"
    "http://www.w3.org/TR/xhtml1/DTD/xhtml1-transitional.dtd">
<html xmlns="http://www.w3.org/1999/xhtml" xml:lang="en" lang="en">
 <head>
  <title>
</title>
<meta http-equiv="Content-Type" content="text/html;charset=utf-8" />
  <meta name='ocr-system' content='tesseract 3.04.00' />
  <meta name='ocr-capabilities' content='ocr_page ocr_carea ocr_par ocr_line ocrx_word'/>
</head>
<body>
  <div class='ocr_page' id='page_1' title='image "./ciuliicaesarisc01menggoog/ciuliicaesarisc01menggoog_0242.png"; bbox 0 0 3086 4920; ppageno 0'>
   <div class='ocr_carea' id='block_1_1' title="bbox 830 323 839 354">
    <p class='ocr_par' dir='ltr' id='par_1_1' title="bbox 830 323 839 354">
     <span class='ocr_line' id='line_1_1' title="bbox 830 323 839 354; baseline 0 0"><span class='ocrx_word' id='word_1_1' title='bbox 830 323 839 354; x_wconf 73' lang='grc'><strong>4</strong></span> 
     </span>
    </p>
   </div>
   <div class='ocr_carea' id='block_1_2' title="bbox 534 374 1311 455">
    <p class='ocr_par' dir='ltr' id='par_1_2' title="bbox 534 374 1311 455">
     <span class='ocr_line' id='line_1_2' title="bbox 534 374 1311 455; baseline 0.003 -13"><span class='ocrx_word' id='word_1_2' title='bbox 534 385 630 442; x_wconf 80' lang='lat' dir='ltr'>comm.</span> <span class='ocrx_word' id='word_1_3' title='bbox 650 387 694 455; x_wconf 85' lang='lat' dir='ltr'>vr,</span> <span class='ocrx_word' id='word_1_4' title='bbox 713 406 734 443; x_wconf 65' lang='grc' dir='ltr'>ο.</span> <span class='ocrx_word' id='word_1_5' title='bbox 754 389 866 443; x_wconf 79' lang='lat'>14-17,</span> <span class='ocrx_word' id='word_1_6' title='bbox 1144 374 1146 378; x_wconf 82' lang='lat'>&#39;</span> <span class='ocrx_word' id='word_1_7' title='bbox 1257 387 1311 450; x_wconf 77' lang='lat' dir='ltr'>aou</span> 
     </span>
    </p>
   </div>
   <div class='ocr_carea' id='block_1_3' title="bbox 74 546 1428 2975">
    <p class='ocr_par' dir='ltr' id='par_1_3' title="bbox 81 546 1309 716">
     <span class='ocr_line' id='line_1_3' title="bbox 82 546 1309 633; baseline 0.004 -23"><span class='ocrx_word' id='word_1_8' title='bbox 82 546 198 610; x_wconf 85' lang='lat' dir='ltr'>baetos</span> <span class='ocrx_word' id='word_1_9' title='bbox 237 547 431 628; x_wconf 74' lang='lat' dir='ltr'>clientesque</span> <span class='ocrx_word' id='word_1_10' title='bbox 470 549 575 612; x_wconf 91' lang='lat' dir='ltr'>habet.</span> <span class='ocrx_word' id='word_1_11' title='bbox 632 548 723 613; x_wconf 86' lang='lat' dir='ltr'>Hane</span> <span class='ocrx_word' id='word_1_12' title='bbox 760 568 858 612; x_wconf 89' lang='lat' dir='ltr'>unam</span> <span class='ocrx_word' id='word_1_13' title='bbox 897 551 1032 631; x_wconf 83' lang='lat' dir='ltr'><strong>gratiam</strong></span> <span class='ocrx_word' id='word_1_14' title='bbox 1071 552 1309 633; x_wconf 75' lang='lat' dir='ltr'>potentiamque</span> 
     </span>
     <span class='ocr_line' id='line_1_4' title="bbox 81 655 253 716; baseline 0 0"><span class='ocrx_word' id='word_1_15' title='bbox 81 655 253 716; x_wconf 88' lang='lat' dir='ltr'>noverunt.</span> 
     </span>
    </p>

    <p class='ocr_par' dir='ltr' id='par_1_4' title="bbox 79 759 1428 2208">
     <span class='ocr_line' id='line_1_5' title="bbox 176 759 1363 846; baseline 0.007 -24"><span class='ocrx_word' id='word_1_16' title='bbox 176 759 272 824; x_wconf 87' lang='lat' dir='ltr'>Natio</span> <span class='ocrx_word' id='word_1_17' title='bbox 303 762 353 824; x_wconf 90' lang='lat' dir='ltr'>est</span> <span class='ocrx_word' id='word_1_18' title='bbox 383 762 524 825; x_wconf 89' lang='lat' dir='ltr'>omnium</span> <span class='ocrx_word' id='word_1_19' title='bbox 556 761 720 826; x_wconf 80' lang='lat' dir='ltr'><strong>Gallorum</strong></span> <span class='ocrx_word' id='word_1_20' title='bbox 757 761 927 826; x_wconf 82' lang='lat' dir='ltr'>admodum</span> <span class='ocrx_word' id='word_1_21' title='bbox 962 762 1068 828; x_wconf 89' lang='lat' dir='ltr'>dedita</span> <span class='ocrx_word' id='word_1_22' title='bbox 1097 766 1363 846; x_wconf 76' lang='lat' dir='ltr'>religIonibus,lt</span> 
     </span>
     <span class='ocr_line' id='line_1_6' title="bbox 82 867 1334 951; baseline 0.003 -23"><span class='ocrx_word' id='word_1_23' title='bbox 82 868 184 946; x_wconf 89' lang='lat' dir='ltr'>atque</span> <span class='ocrx_word' id='word_1_24' title='bbox 220 867 259 930; x_wconf 93' lang='lat' dir='ltr'>ob</span> <span class='ocrx_word' id='word_1_25' title='bbox 297 885 368 932; x_wconf 84' lang='lat' dir='ltr'>eam</span> <span class='ocrx_word' id='word_1_26' title='bbox 406 885 551 944; x_wconf 88' lang='lat' dir='ltr'>oausam,</span> <span class='ocrx_word' id='word_1_27' title='bbox 590 869 644 948; x_wconf 91' lang='lat' dir='ltr'>qui</span> <span class='ocrx_word' id='word_1_28' title='bbox 683 870 759 932; x_wconf 88' lang='lat' dir='ltr'>sunt</span> <span class='ocrx_word' id='word_1_29' title='bbox 797 867 912 933; x_wconf 89' lang='lat' dir='ltr'>adfeeti</span> <span class='ocrx_word' id='word_1_30' title='bbox 950 870 1145 951; x_wconf 78' lang='lat' dir='ltr'>gravioribus</span> <span class='ocrx_word' id='word_1_31' title='bbox 1182 873 1334 950; x_wconf 76' lang='lat' dir='ltr'>morbisr</span> 
     </span>
     <span class='ocr_line' id='line_1_7' title="bbox 81 961 1428 1059; baseline 0.007 -24"><span class='ocrx_word' id='word_1_32' title='bbox 81 973 206 1053; x_wconf 90' lang='lat' dir='ltr'>quique</span> <span class='ocrx_word' id='word_1_33' title='bbox 237 973 270 1035; x_wconf 93' lang='lat' dir='ltr'>in</span> <span class='ocrx_word' id='word_1_34' title='bbox 301 973 426 1056; x_wconf 89' lang='lat' dir='ltr'>proeliis</span> <span class='ocrx_word' id='word_1_35' title='bbox 456 974 666 1056; x_wconf 76' lang='lat' dir='ltr'>periculisque</span> <span class='ocrx_word' id='word_1_36' title='bbox 697 977 882 1053; x_wconf 86' lang='lat' dir='ltr'>versantur,</span> <span class='ocrx_word' id='word_1_37' title='bbox 912 977 968 1039; x_wconf 88' lang='lat' dir='ltr'>aut</span> <span class='ocrx_word' id='word_1_38' title='bbox 996 995 1052 1059; x_wconf 87' lang='lat' dir='ltr'>pro</span> <span class='ocrx_word' id='word_1_39' title='bbox 1082 978 1220 1042; x_wconf 76' lang='lat' dir='ltr'>victimis</span> <span class='ocrx_word' id='word_1_40' title='bbox 1254 980 1309 1043; x_wconf 91' lang='lat' dir='ltr'>bo·</span> <span class='ocrx_word' id='word_1_41' title='bbox 1422 961 1428 973; x_wconf 55' lang='lat'>⁸</span> 
     </span>
     <span class='ocr_line' id='line_1_8' title="bbox 79 1078 1309 1166; baseline 0.007 -25"><span class='ocrx_word' id='word_1_42' title='bbox 79 1078 187 1142; x_wconf 88' lang='lat' dir='ltr'>mines</span> <span class='ocrx_word' id='word_1_43' title='bbox 222 1079 390 1142; x_wconf 86' lang='lat' dir='ltr'>immolant</span> <span class='ocrx_word' id='word_1_44' title='bbox 425 1080 483 1142; x_wconf 91' lang='lat' dir='ltr'>aut</span> <span class='ocrx_word' id='word_1_45' title='bbox 517 1097 550 1144; x_wconf 88' lang='lat' dir='ltr'>se</span> <span class='ocrx_word' id='word_1_46' title='bbox 585 1081 804 1144; x_wconf 78' lang='lat' dir='ltr'>immolaturos</span> <span class='ocrx_word' id='word_1_47' title='bbox 833 1083 947 1146; x_wconf 86' lang='lat' dir='ltr'>vovent</span> <span class='ocrx_word' id='word_1_48' title='bbox 977 1083 1233 1166; x_wconf 83' lang='lat' dir='ltr'>administrisque</span> <span class='ocrx_word' id='word_1_49' title='bbox 1269 1085 1309 1149; x_wconf 90' lang='lat' dir='ltr'>ad</span> 
     </span>
     <span class='ocr_line' id='line_1_9' title="bbox 81 1185 1334 1270; baseline 0.004 -23"><span class='ocrx_word' id='word_1_50' title='bbox 81 1203 119 1248; x_wconf 86' lang='lat' dir='ltr'>ea</span> <span class='ocrx_word' id='word_1_51' title='bbox 145 1185 302 1249; x_wconf 77' lang='lat' dir='ltr'>sacrificia</span> <span class='ocrx_word' id='word_1_52' title='bbox 325 1185 488 1260; x_wconf 85' lang='lat' dir='ltr'>druidibus</span> <span class='ocrx_word' id='word_1_53' title='bbox 509 1188 670 1264; x_wconf 86' lang='lat' dir='ltr'>utuntur,</span> <span class='ocrx_word' id='word_1_54' title='bbox 695 1187 793 1268; x_wconf 93' lang='lat' dir='ltr'>quod,</span> <span class='ocrx_word' id='word_1_55' title='bbox 822 1207 879 1270; x_wconf 91' lang='lat' dir='ltr'>pro</span> <span class='ocrx_word' id='word_1_56' title='bbox 903 1188 969 1253; x_wconf 89' lang='lat' dir='ltr'>vita</span> <span class='ocrx_word' id='word_1_57' title='bbox 998 1189 1134 1253; x_wconf 91' lang='lat' dir='ltr'>hominis</span> <span class='ocrx_word' id='word_1_58' title='bbox 1165 1191 1227 1254; x_wconf 88' lang='lat' dir='ltr'>nisi</span> <span class='ocrx_word' id='word_1_59' title='bbox 1254 1192 1334 1254; x_wconf 80' lang='lat' dir='ltr'>hoa</span> 
     </span>
     <span class='ocr_line' id='line_1_10' title="bbox 79 1291 1309 1380; baseline 0.005 -26"><span class='ocrx_word' id='word_1_60' title='bbox 79 1292 180 1354; x_wconf 91' lang='lat' dir='ltr'>minis</span> <span class='ocrx_word' id='word_1_61' title='bbox 205 1292 272 1355; x_wconf 88' lang='lat' dir='ltr'>vita</span> <span class='ocrx_word' id='word_1_62' title='bbox 294 1291 460 1370; x_wconf 89' lang='lat' dir='ltr'>reddatur,</span> <span class='ocrx_word' id='word_1_63' title='bbox 483 1311 546 1356; x_wconf 92' lang='lat' dir='ltr'>non</span> <span class='ocrx_word' id='word_1_64' title='bbox 569 1312 661 1376; x_wconf 91' lang='lat' dir='ltr'>posse</span> <span class='ocrx_word' id='word_1_65' title='bbox 685 1293 815 1358; x_wconf 90' lang='lat' dir='ltr'>deorum</span> <span class='ocrx_word' id='word_1_66' title='bbox 838 1295 1068 1358; x_wconf 79' lang='lat' dir='ltr'>immortalium</span> <span class='ocrx_word' id='word_1_67' title='bbox 1094 1315 1212 1360; x_wconf 89' lang='lat' dir='ltr'>numen</span> <span class='ocrx_word' id='word_1_68' title='bbox 1241 1298 1309 1380; x_wconf 88' lang='lat' dir='ltr'>pla-</span> 
     </span>
     <span class='ocr_line' id='line_1_11' title="bbox 80 1398 1309 1482; baseline 0.004 -20"><span class='ocrx_word' id='word_1_69' title='bbox 80 1399 149 1462; x_wconf 88' lang='lat' dir='ltr'>eari</span> <span class='ocrx_word' id='word_1_70' title='bbox 189 1398 401 1476; x_wconf 86' lang='lat' dir='ltr'>arbitrantur,</span> <span class='ocrx_word' id='word_1_71' title='bbox 439 1399 626 1481; x_wconf 80' lang='lat' dir='ltr'>publiceque</span> <span class='ocrx_word' id='word_1_72' title='bbox 662 1399 803 1464; x_wconf 89' lang='lat' dir='ltr'>eiusdem</span> <span class='ocrx_word' id='word_1_73' title='bbox 842 1401 965 1482; x_wconf 85' lang='lat' dir='ltr'>generis</span> <span class='ocrx_word' id='word_1_74' title='bbox 1003 1402 1122 1466; x_wconf 90' lang='lat' dir='ltr'>habent</span> <span class='ocrx_word' id='word_1_75' title='bbox 1159 1403 1309 1467; x_wconf 87' lang='lat' dir='ltr'>inst&#39;tuta</span> 
     </span>
     <span class='ocr_line' id='line_1_12' title="bbox 80 1504 1332 1591; baseline 0.001 -23"><span class='ocrx_word' id='word_1_76' title='bbox 80 1504 248 1568; x_wconf 85' lang='lat' dir='ltr'>saorifioia.</span> <span class='ocrx_word' id='word_1_77' title='bbox 301 1505 363 1568; x_wconf 90' lang='lat' dir='ltr'>Alii</span> <span class='ocrx_word' id='word_1_78' title='bbox 393 1506 526 1570; x_wconf 89' lang='lat' dir='ltr'>immani</span> <span class='ocrx_word' id='word_1_79' title='bbox 554 1505 773 1588; x_wconf 85' lang='lat' dir='ltr'>magnitudine</span> <span class='ocrx_word' id='word_1_80' title='bbox 804 1507 974 1571; x_wconf 75' lang='lat' dir='ltr'>simulacra</span> <span class='ocrx_word' id='word_1_81' title='bbox 1008 1508 1142 1586; x_wconf 90' lang='lat' dir='ltr'>habent,</span> <span class='ocrx_word' id='word_1_82' title='bbox 1174 1529 1332 1591; x_wconf 80' lang='lat' dir='ltr'>quorumr</span> 
     </span>
     <span class='ocr_line' id='line_1_13' title="bbox 79 1612 1308 1698; baseline 0.005 -23"><span class='ocrx_word' id='word_1_83' title='bbox 79 1613 233 1676; x_wconf 79' lang='lat' dir='ltr'>contexta</span> <span class='ocrx_word' id='word_1_84' title='bbox 267 1612 437 1676; x_wconf 83' lang='lat' dir='ltr'>viminibus</span> <span class='ocrx_word' id='word_1_85' title='bbox 471 1613 614 1676; x_wconf 89' lang='lat' dir='ltr'>membra</span> <span class='ocrx_word' id='word_1_86' title='bbox 648 1613 727 1677; x_wconf 79' lang='lat' dir='ltr'>viris</span> <span class='ocrx_word' id='word_1_87' title='bbox 765 1614 944 1678; x_wconf 91' lang='lat' dir='ltr'>bominibus</span> <span class='ocrx_word' id='word_1_88' title='bbox 980 1615 1154 1698; x_wconf 80' lang='lat' dir='ltr'>eomplent3</span> <span class='ocrx_word' id='word_1_89' title='bbox 1194 1617 1308 1698; x_wconf 89' lang='lat' dir='ltr'>quibus</span> 
     </span>
     <span class='ocr_line' id='line_1_14' title="bbox 80 1718 1333 1806; baseline 0.001 -26"><span class='ocrx_word' id='word_1_90' title='bbox 80 1719 247 1782; x_wconf 78' lang='lat' dir='ltr'>suacensis</span> <span class='ocrx_word' id='word_1_91' title='bbox 282 1718 488 1783; x_wconf 87' lang='lat' dir='ltr'>oiroumventi</span> <span class='ocrx_word' id='word_1_92' title='bbox 521 1719 652 1784; x_wconf 88' lang='lat' dir='ltr'>flamma</span> <span class='ocrx_word' id='word_1_93' title='bbox 686 1720 907 1784; x_wconf 83' lang='lat' dir='ltr'>exanimantur</span> <span class='ocrx_word' id='word_1_94' title='bbox 940 1722 1092 1786; x_wconf 88' lang='lat' dir='ltr'>homines.</span> <span class='ocrx_word' id='word_1_95' title='bbox 1148 1721 1333 1806; x_wconf 76' lang='lat' dir='ltr'>Supplicias</span> 
     </span>
     <span class='ocr_line' id='line_1_15' title="bbox 80 1824 1308 1909; baseline 0.005 -21"><span class='ocrx_word' id='word_1_96' title='bbox 80 1845 212 1902; x_wconf 89' lang='lat' dir='ltr'>eorum,</span> <span class='ocrx_word' id='word_1_97' title='bbox 250 1825 305 1906; x_wconf 92' lang='lat' dir='ltr'>qui</span> <span class='ocrx_word' id='word_1_98' title='bbox 342 1826 374 1888; x_wconf 91' lang='lat' dir='ltr'>in</span> <span class='ocrx_word' id='word_1_99' title='bbox 406 1824 491 1889; x_wconf 85' lang='lat' dir='ltr'>furto</span> <span class='ocrx_word' id='word_1_100' title='bbox 526 1827 582 1889; x_wconf 90' lang='lat' dir='ltr'>aut</span> <span class='ocrx_word' id='word_1_101' title='bbox 615 1827 648 1889; x_wconf 90' lang='lat' dir='ltr'>iu</span> <span class='ocrx_word' id='word_1_102' title='bbox 682 1826 845 1891; x_wconf 79' lang='lat' dir='ltr'>latrocinio</span> <span class='ocrx_word' id='word_1_103' title='bbox 881 1829 938 1890; x_wconf 87' lang='lat' dir='ltr'>aut</span> <span class='ocrx_word' id='word_1_104' title='bbox 972 1829 1079 1909; x_wconf 89' lang='lat' dir='ltr'>aliqua</span> <span class='ocrx_word' id='word_1_105' title='bbox 1112 1830 1206 1894; x_wconf 81' lang='lat' dir='ltr'>noxia</span> <span class='ocrx_word' id='word_1_106' title='bbox 1244 1831 1308 1896; x_wconf 89' lang='lat' dir='ltr'>sint</span> 
     </span>
     <span class='ocr_line' id='line_1_16' title="bbox 79 1932 1307 2015; baseline 0.005 -19"><span class='ocrx_word' id='word_1_107' title='bbox 79 1932 320 2014; x_wconf 75' lang='lat' dir='ltr'>comprehensi,</span> <span class='ocrx_word' id='word_1_108' title='bbox 359 1933 496 2013; x_wconf 62' lang='lat' dir='ltr'>metiore</span> <span class='ocrx_word' id='word_1_109' title='bbox 534 1933 582 1996; x_wconf 88' lang='lat' dir='ltr'>dis</span> <span class='ocrx_word' id='word_1_110' title='bbox 619 1933 850 1998; x_wconf 88' lang='lat' dir='ltr'>immortalibus</span> <span class='ocrx_word' id='word_1_111' title='bbox 885 1953 953 1998; x_wconf 90' lang='lat' dir='ltr'>esse</span> <span class='ocrx_word' id='word_1_112' title='bbox 993 1935 1204 2012; x_wconf 90' lang='lat' dir='ltr'>arbitrantur;</span> <span class='ocrx_word' id='word_1_113' title='bbox 1243 1937 1307 2015; x_wconf 88' lang='lat' dir='ltr'>sed,</span> 
     </span>
     <span class='ocr_line' id='line_1_17' title="bbox 79 2038 1307 2126; baseline 0.005 -24"><span class='ocrx_word' id='word_1_114' title='bbox 79 2057 156 2102; x_wconf 91' lang='lat' dir='ltr'>oum</span> <span class='ocrx_word' id='word_1_115' title='bbox 187 2038 257 2102; x_wconf 90' lang='lat' dir='ltr'>eius</span> <span class='ocrx_word' id='word_1_116' title='bbox 289 2038 412 2119; x_wconf 88' lang='lat' dir='ltr'>generis</span> <span class='ocrx_word' id='word_1_117' title='bbox 443 2039 531 2121; x_wconf 89' lang='lat' dir='ltr'>eopia</span> <span class='ocrx_word' id='word_1_118' title='bbox 560 2038 689 2117; x_wconf 80' lang='lat' dir='ltr'>deferit,</span> <span class='ocrx_word' id='word_1_119' title='bbox 719 2039 815 2104; x_wconf 89' lang='lat' dir='ltr'>etiam</span> <span class='ocrx_word' id='word_1_120' title='bbox 847 2040 887 2104; x_wconf 90' lang='lat' dir='ltr'>ad</span> <span class='ocrx_word' id='word_1_121' title='bbox 914 2040 1129 2105; x_wconf 88' lang='lat' dir='ltr'>innoeentium</span> <span class='ocrx_word' id='word_1_122' title='bbox 1153 2043 1307 2126; x_wconf 78' lang='lat' dir='ltr'>supplicia</span> 
     </span>
     <span class='ocr_line' id='line_1_18' title="bbox 79 2144 1278 2208; baseline 0.003 0"><span class='ocrx_word' id='word_1_123' title='bbox 79 2144 293 2208; x_wconf 82' lang='lat' dir='ltr'>descendunt.</span> <span class='ocrx_word' id='word_1_124' title='bbox 1264 2153 1278 2162; x_wconf 73' lang='grc'>’“</span> 
     </span>
    </p>

    <p class='ocr_par' dir='ltr' id='par_1_5' title="bbox 74 2251 1358 2975">
     <span class='ocr_line' id='line_1_19' title="bbox 171 2251 1358 2337; baseline 0.003 -23"><span class='ocrx_word' id='word_1_125' title='bbox 171 2251 278 2315; x_wconf 90' lang='lat' dir='ltr'>Deum</span> <span class='ocrx_word' id='word_1_126' title='bbox 301 2251 435 2315; x_wconf 82' lang='lat' dir='ltr'>maxime</span> <span class='ocrx_word' id='word_1_127' title='bbox 459 2251 652 2315; x_wconf 86' lang='lat' dir='ltr'>Mamurium</span> <span class='ocrx_word' id='word_1_128' title='bbox 676 2252 800 2316; x_wconf 86' lang='lat' dir='ltr'>oolunt:</span> <span class='ocrx_word' id='word_1_129' title='bbox 828 2253 923 2316; x_wconf 89' lang='lat' dir='ltr'>huius</span> <span class='ocrx_word' id='word_1_130' title='bbox 947 2256 1023 2318; x_wconf 89' lang='lat' dir='ltr'>sunt</span> <span class='ocrx_word' id='word_1_131' title='bbox 1046 2256 1183 2337; x_wconf 90' lang='lat' dir='ltr'>plurima</span> <span class='ocrx_word' id='word_1_132' title='bbox 1207 2258 1358 2321; x_wconf 75' lang='lat' dir='ltr'>simu-17</span> 
     </span>
     <span class='ocr_line' id='line_1_20' title="bbox 76 2357 1307 2437; baseline 0.005 -15"><span class='ocrx_word' id='word_1_133' title='bbox 76 2360 186 2434; x_wconf 87' lang='lat' dir='ltr'>laora,</span> <span class='ocrx_word' id='word_1_134' title='bbox 210 2357 296 2422; x_wconf 89' lang='lat' dir='ltr'>buno</span> <span class='ocrx_word' id='word_1_135' title='bbox 320 2359 460 2421; x_wconf 90' lang='lat' dir='ltr'>omnium</span> <span class='ocrx_word' id='word_1_136' title='bbox 483 2358 679 2422; x_wconf 88' lang='lat' dir='ltr'>inventorem</span> <span class='ocrx_word' id='word_1_137' title='bbox 703 2359 821 2422; x_wconf 89' lang='lat' dir='ltr'>artium</span> <span class='ocrx_word' id='word_1_138' title='bbox 844 2359 966 2437; x_wconf 84' lang='lat' dir='ltr'>ferunt,</span> <span class='ocrx_word' id='word_1_139' title='bbox 997 2361 1081 2425; x_wconf 89' lang='lat' dir='ltr'>hune</span> <span class='ocrx_word' id='word_1_140' title='bbox 1104 2362 1228 2427; x_wconf 85' lang='lat' dir='ltr'>viarum</span> <span class='ocrx_word' id='word_1_141' title='bbox 1259 2367 1307 2428; x_wconf 87' lang='lat' dir='ltr'>at·</span> 
     </span>
     <span class='ocr_line' id='line_1_21' title="bbox 78 2464 1305 2552; baseline 0.005 -24"><span class='ocrx_word' id='word_1_142' title='bbox 78 2483 142 2547; x_wconf 90' lang='lat' dir='ltr'>que</span> <span class='ocrx_word' id='word_1_143' title='bbox 167 2465 321 2528; x_wconf 89' lang='lat' dir='ltr'>itinerum</span> <span class='ocrx_word' id='word_1_144' title='bbox 344 2464 472 2542; x_wconf 89' lang='lat' dir='ltr'>duoem,</span> <span class='ocrx_word' id='word_1_145' title='bbox 503 2465 588 2528; x_wconf 88' lang='lat' dir='ltr'>huno</span> <span class='ocrx_word' id='word_1_146' title='bbox 619 2465 658 2528; x_wconf 88' lang='lat' dir='ltr'>ad</span> <span class='ocrx_word' id='word_1_147' title='bbox 682 2467 834 2546; x_wconf 87' lang='lat' dir='ltr'>quaestus</span> <span class='ocrx_word' id='word_1_148' title='bbox 864 2467 1016 2549; x_wconf 77' lang='lat' dir='ltr'>pecuniae</span> <span class='ocrx_word' id='word_1_149' title='bbox 1045 2470 1305 2552; x_wconf 89' lang='lat' dir='ltr'>mereaturasque</span> 
     </span>
     <span class='ocr_line' id='line_1_22' title="bbox 75 2571 1331 2656; baseline 0.004 -20"><span class='ocrx_word' id='word_1_150' title='bbox 75 2573 199 2636; x_wconf 88' lang='lat' dir='ltr'>habere</span> <span class='ocrx_word' id='word_1_151' title='bbox 223 2571 289 2635; x_wconf 91' lang='lat' dir='ltr'>vim</span> <span class='ocrx_word' id='word_1_152' title='bbox 310 2572 482 2635; x_wconf 85' lang='lat' dir='ltr'>maximam</span> <span class='ocrx_word' id='word_1_153' title='bbox 506 2571 711 2654; x_wconf 89' lang='lat' dir='ltr'>arbitrantur.</span> <span class='ocrx_word' id='word_1_154' title='bbox 755 2571 833 2636; x_wconf 90' lang='lat' dir='ltr'>Post</span> <span class='ocrx_word' id='word_1_155' title='bbox 856 2573 941 2636; x_wconf 88' lang='lat' dir='ltr'>huno</span> <span class='ocrx_word' id='word_1_156' title='bbox 963 2573 1141 2656; x_wconf 86' lang='lat' dir='ltr'>Apollinem</span> <span class='ocrx_word' id='word_1_157' title='bbox 1166 2578 1198 2640; x_wconf 92' lang='lat' dir='ltr'>et</span> <span class='ocrx_word' id='word_1_158' title='bbox 1220 2577 1331 2640; x_wconf 74' lang='lat' dir='ltr'>Mar-r</span> 
     </span>
     <span class='ocr_line' id='line_1_23' title="bbox 75 2677 1304 2763; baseline 0.003 -21"><span class='ocrx_word' id='word_1_159' title='bbox 75 2682 146 2743; x_wconf 90' lang='lat' dir='ltr'>tem</span> <span class='ocrx_word' id='word_1_160' title='bbox 172 2679 206 2742; x_wconf 90' lang='lat' dir='ltr'>et</span> <span class='ocrx_word' id='word_1_161' title='bbox 227 2677 336 2740; x_wconf 87' lang='lat' dir='ltr'>Iovem</span> <span class='ocrx_word' id='word_1_162' title='bbox 360 2679 392 2741; x_wconf 89' lang='lat' dir='ltr'>et</span> <span class='ocrx_word' id='word_1_163' title='bbox 414 2677 599 2741; x_wconf 86' lang='lat' dir='ltr'>Minervam.</span> <span class='ocrx_word' id='word_1_164' title='bbox 644 2677 692 2741; x_wconf 93' lang='lat' dir='ltr'>De</span> <span class='ocrx_word' id='word_1_165' title='bbox 715 2678 765 2741; x_wconf 93' lang='lat' dir='ltr'>his</span> <span class='ocrx_word' id='word_1_166' title='bbox 790 2677 922 2742; x_wconf 89' lang='lat' dir='ltr'>eandem</span> <span class='ocrx_word' id='word_1_167' title='bbox 945 2677 1020 2756; x_wconf 86' lang='lat' dir='ltr'>fere,</span> <span class='ocrx_word' id='word_1_168' title='bbox 1044 2699 1141 2762; x_wconf 90' lang='lat' dir='ltr'>quam</span> <span class='ocrx_word' id='word_1_169' title='bbox 1163 2681 1304 2763; x_wconf 90' lang='lat' dir='ltr'>reliquae</span> 
     </span>
     <span class='ocr_line' id='line_1_24' title="bbox 74 2784 1304 2868; baseline 0.002 -19"><span class='ocrx_word' id='word_1_170' title='bbox 74 2787 203 2867; x_wconf 85' lang='lat' dir='ltr'>gentes,</span> <span class='ocrx_word' id='word_1_171' title='bbox 224 2784 345 2848; x_wconf 88' lang='lat' dir='ltr'>babent</span> <span class='ocrx_word' id='word_1_172' title='bbox 368 2784 562 2867; x_wconf 89' lang='lat' dir='ltr'>opinionem:</span> <span class='ocrx_word' id='word_1_173' title='bbox 586 2785 764 2867; x_wconf 80' lang='lat' dir='ltr'>Apollinem</span> <span class='ocrx_word' id='word_1_174' title='bbox 786 2786 911 2849; x_wconf 89' lang='lat' dir='ltr'>morbos</span> <span class='ocrx_word' id='word_1_175' title='bbox 936 2785 1106 2868; x_wconf 81' lang='lat' dir='ltr'>depellere,</span> <span class='ocrx_word' id='word_1_176' title='bbox 1128 2787 1304 2852; x_wconf 82' lang='lat' dir='ltr'>Minervam</span> 
     </span>
     <span class='ocr_line' id='line_1_25' title="bbox 75 2889 1304 2975; baseline 0.001 -19"><span class='ocrx_word' id='word_1_177' title='bbox 75 2909 214 2975; x_wconf 89' lang='lat' dir='ltr'>operum</span> <span class='ocrx_word' id='word_1_178' title='bbox 243 2892 339 2972; x_wconf 90' lang='lat' dir='ltr'>atque</span> <span class='ocrx_word' id='word_1_179' title='bbox 371 2889 574 2956; x_wconf 74' lang='lat' dir='ltr'>artificiorum</span> <span class='ocrx_word' id='word_1_180' title='bbox 609 2891 700 2954; x_wconf 90' lang='lat' dir='ltr'>initia</span> <span class='ocrx_word' id='word_1_181' title='bbox 728 2891 870 2968; x_wconf 89' lang='lat' dir='ltr'>tradere,</span> <span class='ocrx_word' id='word_1_182' title='bbox 899 2891 1007 2955; x_wconf 83' lang='lat' dir='ltr'>Iovem</span> <span class='ocrx_word' id='word_1_183' title='bbox 1036 2892 1205 2974; x_wconf 87' lang='lat' dir='ltr'>imperium</span> <span class='ocrx_word' id='word_1_184' title='bbox 1236 2911 1304 2958; x_wconf 87' lang='lat' dir='ltr'>oae-</span> 
     </span>
    </p>
   </div>
   <div class='ocr_carea' id='block_1_4' title="bbox 72 3051 1311 4201">
    <p class='ocr_par' dir='ltr' id='par_1_6' title="bbox 73 3051 1311 3299">
     <span class='ocr_line' id='line_1_26' title="bbox 74 3051 1311 3136; baseline 0.002 -15"><span class='ocrx_word' id='word_1_185' title='bbox 74 3067 210 3121; x_wconf 82' lang='lat' dir='ltr'>lreltiseho</span> <span class='ocrx_word' id='word_1_186' title='bbox 222 3066 405 3133; x_wconf 82' lang='lat' dir='ltr'>Bezeiehnung</span> <span class='ocrx_word' id='word_1_187' title='bbox 417 3066 459 3120; x_wconf 83' lang='lat' dir='ltr'>ib&#39;r</span> <span class='ocrx_word' id='word_1_188' title='bbox 478 3065 611 3134; x_wconf 77' lang='lat' dir='ltr'>„Knooht</span> <span class='ocrx_word' id='word_1_189' title='bbox 625 3051 806 3134; x_wconf 86' lang='lat' dir='ltr'>Dienstmann‚</span> <span class='ocrx_word' id='word_1_190' title='bbox 822 3065 1028 3136; x_wconf 83' lang='lat' dir='ltr'>Geiolgsmann“</span> <span class='ocrx_word' id='word_1_191' title='bbox 1047 3085 1079 3121; x_wconf 84' lang='lat' dir='ltr'>au</span> <span class='ocrx_word' id='word_1_192' title='bbox 1098 3069 1160 3122; x_wconf 87' lang='lat' dir='ltr'>sein.</span> <span class='ocrx_word' id='word_1_193' title='bbox 1178 3098 1214 3107; x_wconf 91' lang='lat'><em>-</em></span> <span class='ocrx_word' id='word_1_194' title='bbox 1231 3069 1311 3124; x_wconf 79' lang='lat' dir='ltr'>boae</span> 
     </span>
     <span class='ocr_line' id='line_1_27' title="bbox 73 3154 1304 3224; baseline -0.001 -13"><span class='ocrx_word' id='word_1_195' title='bbox 73 3155 307 3224; x_wconf 66' lang='lat' dir='ltr'>summarorium</span> <span class='ocrx_word' id='word_1_196' title='bbox 324 3155 400 3223; x_wconf 81' lang='lat' dir='ltr'>aaut]</span> <span class='ocrx_word' id='word_1_197' title='bbox 426 3155 495 3223; x_wconf 83' lang='lat' dir='ltr'>„das</span> <span class='ocrx_word' id='word_1_198' title='bbox 520 3155 557 3209; x_wconf 87' lang='lat' dir='ltr'>ist</span> <span class='ocrx_word' id='word_1_199' title='bbox 582 3155 623 3209; x_wconf 90' lang='lat' dir='ltr'>die</span> <span class='ocrx_word' id='word_1_200' title='bbox 648 3155 746 3224; x_wconf 84' lang='lat' dir='ltr'>einaige</span> <span class='ocrx_word' id='word_1_201' title='bbox 771 3154 823 3210; x_wconf 85' lang='lat' dir='ltr'>Art</span> <span class='ocrx_word' id='word_1_202' title='bbox 847 3173 897 3210; x_wconf 88' lang='lat' dir='ltr'>von</span> <span class='ocrx_word' id='word_1_203' title='bbox 914 3156 1087 3224; x_wconf 83' lang='lat' dir='ltr'>Beliebtheit,</span> <span class='ocrx_word' id='word_1_204' title='bbox 1112 3156 1237 3224; x_wconf 72' lang='lat' dir='ltr'>diutinis,</span> <span class='ocrx_word' id='word_1_205' title='bbox 1262 3157 1304 3211; x_wconf 86' lang='lat' dir='ltr'>die</span> 
     </span>
     <span class='ocr_line' id='line_1_28' title="bbox 73 3245 254 3299; baseline -0.006 -1"><span class='ocrx_word' id='word_1_206' title='bbox 73 3246 117 3299; x_wconf 84' lang='lat' dir='ltr'>iob</span> <span class='ocrx_word' id='word_1_207' title='bbox 137 3245 254 3298; x_wconf 81' lang='lat' dir='ltr'>kenne“.</span> 
     </span>
    </p>

    <p class='ocr_par' dir='ltr' id='par_1_7' title="bbox 73 3331 1303 3579">
     <span class='ocr_line' id='line_1_29' title="bbox 149 3331 1303 3404; baseline 0.002 -18"><span class='ocrx_word' id='word_1_208' title='bbox 149 3331 230 3400; x_wconf 73' lang='lat' dir='ltr'>resp.</span> <span class='ocrx_word' id='word_1_209' title='bbox 257 3331 308 3386; x_wconf 81' lang='lat'>16.</span> <span class='ocrx_word' id='word_1_210' title='bbox 350 3343 401 3386; x_wconf 86' lang='lat' dir='ltr'>ru.</span> <span class='ocrx_word' id='word_1_211' title='bbox 418 3343 441 3385; x_wconf 83' lang='lat' dir='ltr'>a.</span> <span class='ocrx_word' id='word_1_212' title='bbox 466 3331 578 3387; x_wconf 79' lang='lat' dir='ltr'>deditas</span> <span class='ocrx_word' id='word_1_213' title='bbox 601 3333 791 3404; x_wconf 65' lang='lat' dir='ltr'>respondeas]</span> <span class='ocrx_word' id='word_1_214' title='bbox 817 3334 975 3403; x_wconf 80' lang='lat' dir='ltr'>„religids“.</span> <span class='ocrx_word' id='word_1_215' title='bbox 1004 3365 1038 3372; x_wconf 82' lang='lat'><em>-</em></span> <span class='ocrx_word' id='word_1_216' title='bbox 1066 3334 1126 3402; x_wconf 82' lang='lat' dir='ltr'>aot]</span> <span class='ocrx_word' id='word_1_217' title='bbox 1154 3334 1229 3388; x_wconf 77' lang='lat' dir='ltr'>itihrt</span> <span class='ocrx_word' id='word_1_218' title='bbox 1252 3335 1303 3389; x_wconf 79' lang='lat' dir='ltr'>don</span> 
     </span>
     <span class='ocr_line' id='line_1_30' title="bbox 73 3421 1303 3494; baseline 0.001 -19"><span class='ocrx_word' id='word_1_219' title='bbox 73 3421 230 3492; x_wconf 82' lang='lat' dir='ltr'>Hauptsatz</span> <span class='ocrx_word' id='word_1_220' title='bbox 255 3421 306 3474; x_wconf 90' lang='lat' dir='ltr'>ein.</span> <span class='ocrx_word' id='word_1_221' title='bbox 331 3449 362 3458; x_wconf 89' lang='lat'><em>—</em></span> <span class='ocrx_word' id='word_1_222' title='bbox 386 3435 441 3488; x_wconf 82' lang='lat' dir='ltr'>pro</span> <span class='ocrx_word' id='word_1_223' title='bbox 460 3421 580 3476; x_wconf 77' lang='lat' dir='ltr'>victimis</span> <span class='ocrx_word' id='word_1_224' title='bbox 598 3421 717 3476; x_wconf 71' lang='lat' dir='ltr'>bmnrbres</span> <span class='ocrx_word' id='word_1_225' title='bbox 734 3422 886 3491; x_wconf 65' lang='lat' dir='ltr'>inmolare]</span> <span class='ocrx_word' id='word_1_226' title='bbox 910 3421 964 3476; x_wconf 75' lang='lat' dir='ltr'>aar</span> <span class='ocrx_word' id='word_1_227' title='bbox 982 3421 1236 3494; x_wconf 82' lang='lat' dir='ltr'>„Mensohenopler“</span> <span class='ocrx_word' id='word_1_228' title='bbox 1254 3424 1303 3477; x_wconf 89' lang='lat' dir='ltr'>hat</span> 
     </span>
     <span class='ocr_line' id='line_1_31' title="bbox 73 3507 1267 3579; baseline 0.003 -15"><span class='ocrx_word' id='word_1_229' title='bbox 73 3511 122 3564; x_wconf 88' lang='lat' dir='ltr'>der</span> <span class='ocrx_word' id='word_1_230' title='bbox 141 3509 266 3564; x_wconf 84' lang='lat' dir='ltr'>Lateiner</span> <span class='ocrx_word' id='word_1_231' title='bbox 283 3507 343 3562; x_wconf 82' lang='lat' dir='ltr'>bein</span> <span class='ocrx_word' id='word_1_232' title='bbox 362 3507 523 3564; x_wconf 73' lang='lat' dir='ltr'>Substantia</span> <span class='ocrx_word' id='word_1_233' title='bbox 543 3539 577 3548; x_wconf 91' lang='lat'><em>—</em></span> <span class='ocrx_word' id='word_1_234' title='bbox 595 3526 623 3566; x_wconf 83' lang='lat' dir='ltr'>ae</span> <span class='ocrx_word' id='word_1_235' title='bbox 640 3511 839 3579; x_wconf 75' lang='lat' dir='ltr'>tmowtatwror]</span> <span class='ocrx_word' id='word_1_236' title='bbox 860 3528 881 3566; x_wconf 91' lang='lat' dir='ltr'>s.</span> <span class='ocrx_word' id='word_1_237' title='bbox 899 3511 943 3578; x_wconf 84' lang='lat' dir='ltr'>IV,</span> <span class='ocrx_word' id='word_1_238' title='bbox 964 3512 988 3578; x_wconf 91' lang='lat'>1,</span> <span class='ocrx_word' id='word_1_239' title='bbox 1007 3511 1025 3565; x_wconf 94' lang='lat'>2</span> <span class='ocrx_word' id='word_1_240' title='bbox 1043 3529 1075 3566; x_wconf 84' lang='lat' dir='ltr'>au</span> <span class='ocrx_word' id='word_1_241' title='bbox 1093 3511 1267 3567; x_wconf 70' lang='lat' dir='ltr'>tromeaada&#39;.</span> 
     </span>
    </p>

    <p class='ocr_par' dir='ltr' id='par_1_8' title="bbox 72 3597 1303 3846">
     <span class='ocr_line' id='line_1_32' title="bbox 151 3597 1243 3667; baseline 0.003 -14"><span class='ocrx_word' id='word_1_242' title='bbox 151 3611 175 3653; x_wconf 76' lang='lat' dir='ltr'>a.</span> <span class='ocrx_word' id='word_1_243' title='bbox 191 3613 247 3667; x_wconf 78' lang='lat' dir='ltr'>pro</span> <span class='ocrx_word' id='word_1_244' title='bbox 265 3597 327 3652; x_wconf 79' lang='lat' dir='ltr'>atta</span> <span class='ocrx_word' id='word_1_245' title='bbox 344 3597 461 3652; x_wconf 81' lang='lat' dir='ltr'>ltomr‘ais</span> <span class='ocrx_word' id='word_1_246' title='bbox 478 3599 596 3654; x_wconf 70' lang='lat' dir='ltr'>amaa</span> <span class='ocrx_word' id='word_1_247' title='bbox 614 3599 685 3667; x_wconf 80' lang='lat' dir='ltr'>otta]</span> <span class='ocrx_word' id='word_1_248' title='bbox 710 3617 730 3654; x_wconf 85' lang='lat' dir='ltr'>s.</span> <span class='ocrx_word' id='word_1_249' title='bbox 751 3600 850 3655; x_wconf 73' lang='lat' dir='ltr'>Gadda</span> <span class='ocrx_word' id='word_1_250' title='bbox 868 3599 950 3654; x_wconf 77' lang='lat' dir='ltr'>Gallo</span> <span class='ocrx_word' id='word_1_251' title='bbox 966 3599 999 3667; x_wconf 86' lang='lat' dir='ltr'>V,</span> <span class='ocrx_word' id='word_1_252' title='bbox 1017 3601 1061 3667; x_wconf 80' lang='grc'>27,</span> <span class='ocrx_word' id='word_1_253' title='bbox 1080 3602 1105 3656; x_wconf 88' lang='grc'>6.</span> <span class='ocrx_word' id='word_1_254' title='bbox 1129 3631 1162 3640; x_wconf 98' lang='grc'>-</span> <span class='ocrx_word' id='word_1_255' title='bbox 1185 3602 1243 3656; x_wconf 79' lang='lat' dir='ltr'>aiot</span> 
     </span>
     <span class='ocr_line' id='line_1_33' title="bbox 72 3685 1303 3758; baseline 0.002 -16"><span class='ocrx_word' id='word_1_256' title='bbox 72 3687 144 3756; x_wconf 77' lang='lat' dir='ltr'>aaa]</span> <span class='ocrx_word' id='word_1_257' title='bbox 158 3687 206 3754; x_wconf 87' lang='lat' dir='ltr'>IV,</span> <span class='ocrx_word' id='word_1_258' title='bbox 221 3685 264 3753; x_wconf 83' lang='lat'>24,</span> <span class='ocrx_word' id='word_1_259' title='bbox 279 3686 305 3739; x_wconf 89' lang='lat'>2.</span> <span class='ocrx_word' id='word_1_260' title='bbox 320 3715 354 3724; x_wconf 89' lang='lat'>-</span> <span class='ocrx_word' id='word_1_261' title='bbox 372 3686 464 3754; x_wconf 78' lang='lat' dir='ltr'>reddi]</span> <span class='ocrx_word' id='word_1_262' title='bbox 480 3689 629 3754; x_wconf 86' lang='lat' dir='ltr'>„erstattet</span> <span class='ocrx_word' id='word_1_263' title='bbox 642 3689 775 3744; x_wconf 83' lang='lat' dir='ltr'>werden“.</span> <span class='ocrx_word' id='word_1_264' title='bbox 790 3718 824 3728; x_wconf 89' lang='lat'>—</span> <span class='ocrx_word' id='word_1_265' title='bbox 841 3687 956 3758; x_wconf 73' lang='lat' dir='ltr'>aomar]</span> <span class='ocrx_word' id='word_1_266' title='bbox 969 3688 1011 3742; x_wconf 86' lang='lat' dir='ltr'>bei</span> <span class='ocrx_word' id='word_1_267' title='bbox 1026 3689 1139 3744; x_wconf 75' lang='lat' dir='ltr'>deorum</span> <span class='ocrx_word' id='word_1_268' title='bbox 1152 3689 1303 3744; x_wconf 83' lang='lat' dir='ltr'>bezeichnet</span> 
     </span>
     <span class='ocr_line' id='line_1_34' title="bbox 73 3774 894 3846; baseline 0.001 -15"><span class='ocrx_word' id='word_1_269' title='bbox 73 3778 122 3831; x_wconf 86' lang='lat' dir='ltr'>das</span> <span class='ocrx_word' id='word_1_270' title='bbox 142 3775 302 3830; x_wconf 85' lang='lat' dir='ltr'>maohtvolle</span> <span class='ocrx_word' id='word_1_271' title='bbox 319 3775 427 3830; x_wconf 85' lang='lat' dir='ltr'>Wirlren</span> <span class='ocrx_word' id='word_1_272' title='bbox 445 3775 492 3830; x_wconf 85' lang='lat' dir='ltr'>der</span> <span class='ocrx_word' id='word_1_273' title='bbox 510 3774 612 3844; x_wconf 82' lang='lat' dir='ltr'>Gdttar,</span> <span class='ocrx_word' id='word_1_274' title='bbox 632 3779 699 3830; x_wconf 87' lang='lat' dir='ltr'>etwa</span> <span class='ocrx_word' id='word_1_275' title='bbox 718 3777 894 3846; x_wconf 79' lang='lat' dir='ltr'>,‚Majestdt“.</span> 
     </span>
    </p>

    <p class='ocr_par' dir='ltr' id='par_1_9' title="bbox 72 3863 1300 4201">
     <span class='ocr_line' id='line_1_35' title="bbox 149 3863 1300 3937; baseline 0.004 -19"><span class='ocrx_word' id='word_1_276' title='bbox 149 3877 163 3918; x_wconf 77' lang='lat' dir='ltr'>r</span> <span class='ocrx_word' id='word_1_277' title='bbox 181 3883 205 3918; x_wconf 86' lang='lat' dir='ltr'>u.</span> <span class='ocrx_word' id='word_1_278' title='bbox 223 3876 246 3918; x_wconf 80' lang='lat' dir='ltr'>o.</span> <span class='ocrx_word' id='word_1_279' title='bbox 265 3863 428 3932; x_wconf 80' lang='lat' dir='ltr'>simulacra]</span> <span class='ocrx_word' id='word_1_280' title='bbox 448 3864 651 3933; x_wconf 75' lang='lat' dir='ltr'>,‚Bildstulan“,</span> <span class='ocrx_word' id='word_1_281' title='bbox 667 3867 729 3920; x_wconf 84' lang='lat' dir='ltr'>abor</span> <span class='ocrx_word' id='word_1_282' title='bbox 742 3866 808 3920; x_wconf 84' lang='lat' dir='ltr'>anuh</span> <span class='ocrx_word' id='word_1_283' title='bbox 823 3864 960 3934; x_wconf 71' lang='lat' dir='ltr'>„Gebildq</span> <span class='ocrx_word' id='word_1_284' title='bbox 975 3866 1113 3937; x_wconf 87' lang='lat' dir='ltr'>Puppen“.</span> <span class='ocrx_word' id='word_1_285' title='bbox 1133 3896 1167 3906; x_wconf 86' lang='lat'>·—</span> <span class='ocrx_word' id='word_1_286' title='bbox 1186 3867 1300 3923; x_wconf 68' lang='lat' dir='ltr'>auctaa-</span> 
     </span>
     <span class='ocr_line' id='line_1_36' title="bbox 73 3953 1300 4025; baseline 0.001 -16"><span class='ocrx_word' id='word_1_287' title='bbox 73 3953 163 4022; x_wconf 73' lang='lat' dir='ltr'>oona]</span> <span class='ocrx_word' id='word_1_288' title='bbox 182 3953 229 4020; x_wconf 87' lang='lat' dir='ltr'>IV,</span> <span class='ocrx_word' id='word_1_289' title='bbox 249 3953 292 4018; x_wconf 91' lang='lat'>12,</span> <span class='ocrx_word' id='word_1_290' title='bbox 312 3953 390 4006; x_wconf 88' lang='grc'>6.-</span> <span class='ocrx_word' id='word_1_291' title='bbox 413 3954 600 4022; x_wconf 70' lang='lat' dir='ltr'>exanimatio]</span> <span class='ocrx_word' id='word_1_292' title='bbox 625 3972 674 4022; x_wconf 87' lang='lat' dir='ltr'>„er</span> <span class='ocrx_word' id='word_1_293' title='bbox 691 3955 791 4008; x_wconf 85' lang='lat' dir='ltr'>haueht</span> <span class='ocrx_word' id='word_1_294' title='bbox 809 3955 863 4009; x_wconf 84' lang='lat' dir='ltr'>sein</span> <span class='ocrx_word' id='word_1_295' title='bbox 882 3954 967 4010; x_wconf 79' lang='lat' dir='ltr'>laben</span> <span class='ocrx_word' id='word_1_296' title='bbox 982 3956 1064 4010; x_wconf 41' lang='lat' dir='ltr'>vaus‘t</span> <span class='ocrx_word' id='word_1_297' title='bbox 1090 3983 1122 3994; x_wconf 90' lang='lat'>-</span> <span class='ocrx_word' id='word_1_298' title='bbox 1148 3955 1300 4025; x_wconf 76' lang='lat' dir='ltr'>supplicio]</span> 
     </span>
     <span class='ocr_line' id='line_1_37' title="bbox 72 4041 1300 4113; baseline 0.001 -16"><span class='ocrx_word' id='word_1_299' title='bbox 72 4045 147 4097; x_wconf 86' lang='lat' dir='ltr'>hier:</span> <span class='ocrx_word' id='word_1_300' title='bbox 175 4041 239 4110; x_wconf 88' lang='lat' dir='ltr'>„die</span> <span class='ocrx_word' id='word_1_301' title='bbox 263 4041 380 4110; x_wconf 83' lang='lat' dir='ltr'>Tbtung,</span> <span class='ocrx_word' id='word_1_302' title='bbox 404 4041 615 4112; x_wconf 85' lang='lat' dir='ltr'>Hinriohtung“.</span> <span class='ocrx_word' id='word_1_303' title='bbox 640 4079 675 4089; x_wconf 91' lang='lat'>-</span> <span class='ocrx_word' id='word_1_304' title='bbox 699 4042 808 4112; x_wconf 78' lang='lat' dir='ltr'>atiquo]</span> <span class='ocrx_word' id='word_1_305' title='bbox 835 4046 933 4111; x_wconf 82' lang='lat' dir='ltr'>‚,sonst</span> <span class='ocrx_word' id='word_1_306' title='bbox 957 4044 1031 4099; x_wconf 84' lang='lat' dir='ltr'>sin“.</span> <span class='ocrx_word' id='word_1_307' title='bbox 1057 4074 1089 4083; x_wconf 92' lang='lat'>-</span> <span class='ocrx_word' id='word_1_308' title='bbox 1118 4043 1230 4113; x_wconf 80' lang='lat' dir='ltr'>deserit]</span> <span class='ocrx_word' id='word_1_309' title='bbox 1254 4044 1300 4111; x_wconf 88' lang='lat' dir='ltr'>IV,</span> 
     </span>
     <span class='ocr_line' id='line_1_38' title="bbox 73 4129 574 4201; baseline -0.002 -14"><span class='ocrx_word' id='word_1_310' title='bbox 73 4133 118 4201; x_wconf 89' lang='grc'>20,</span> <span class='ocrx_word' id='word_1_311' title='bbox 138 4133 164 4186; x_wconf 89' lang='grc'>2.</span> <span class='ocrx_word' id='word_1_312' title='bbox 185 4161 219 4170; x_wconf 94' lang='grc'><strong>-</strong></span> <span class='ocrx_word' id='word_1_313' title='bbox 239 4129 417 4198; x_wconf 64' lang='lat' dir='ltr'>derandum]</span> <span class='ocrx_word' id='word_1_314' title='bbox 436 4131 468 4199; x_wconf 89' lang='lat' dir='ltr'>V,</span> <span class='ocrx_word' id='word_1_315' title='bbox 486 4132 529 4199; x_wconf 88' lang='lat'>29,</span> <span class='ocrx_word' id='word_1_316' title='bbox 548 4131 574 4186; x_wconf 82' lang='grc' dir='ltr'>ὃ.</span> 
     </span>
    </p>
   </div>
   <div class='ocr_carea' id='block_1_5' title="bbox 72 4183 1300 4470">
    <p class='ocr_par' dir='ltr' id='par_1_10' title="bbox 72 4183 1300 4470">
     <span class='ocr_line' id='line_1_39' title="bbox 147 4183 1300 4292; baseline 0.002 -18"><span class='ocrx_word' id='word_1_317' title='bbox 147 4219 228 4288; x_wconf 80' lang='lat' dir='ltr'>Kap.</span> <span class='ocrx_word' id='word_1_318' title='bbox 245 4220 290 4274; x_wconf 73' lang='lat'>17.</span> <span class='ocrx_word' id='word_1_319' title='bbox 326 4230 338 4272; x_wconf 89' lang='lat'>1</span> <span class='ocrx_word' id='word_1_320' title='bbox 354 4236 377 4273; x_wconf 87' lang='lat' dir='ltr'>u.</span> <span class='ocrx_word' id='word_1_321' title='bbox 395 4231 418 4274; x_wconf 85' lang='lat' dir='ltr'>a.</span> <span class='ocrx_word' id='word_1_322' title='bbox 437 4225 567 4289; x_wconf 66' lang='lat' dir='ltr'>quaestus</span> <span class='ocrx_word' id='word_1_323' title='bbox 575 4221 723 4292; x_wconf 77' lang='lat' dir='ltr'>pecuniae]</span> <span class='ocrx_word' id='word_1_324' title='bbox 738 4220 795 4274; x_wconf 87' lang='lat' dir='ltr'>Wir</span> <span class='ocrx_word' id='word_1_325' title='bbox 808 4221 910 4276; x_wconf 80' lang='lat' dir='ltr'>kdnnen</span> <span class='ocrx_word' id='word_1_326' title='bbox 923 4238 973 4276; x_wconf 88' lang='lat' dir='ltr'>von</span> <span class='ocrx_word' id='word_1_327' title='bbox 988 4183 1194 4290; x_wconf 80' lang='lat' dir='ltr'>„Gelderwerb“</span> <span class='ocrx_word' id='word_1_328' title='bbox 1207 4222 1300 4276; x_wconf 82' lang='lat' dir='ltr'>kainon</span> 
     </span>
     <span class='ocr_line' id='line_1_40' title="bbox 72 4307 1299 4382; baseline -0.001 -18"><span class='ocrx_word' id='word_1_329' title='bbox 72 4309 169 4364; x_wconf 82' lang='lat' dir='ltr'>Plural</span> <span class='ocrx_word' id='word_1_330' title='bbox 186 4308 284 4362; x_wconf 78' lang='lat' dir='ltr'>bilder.</span> <span class='ocrx_word' id='word_1_331' title='bbox 304 4335 338 4346; x_wconf 86' lang='lat'>-</span> <span class='ocrx_word' id='word_1_332' title='bbox 356 4323 468 4382; x_wconf 79' lang='lat' dir='ltr'>operam</span> <span class='ocrx_word' id='word_1_333' title='bbox 486 4314 569 4378; x_wconf 75' lang='lat' dir='ltr'>atque.</span> <span class='ocrx_word' id='word_1_334' title='bbox 587 4309 770 4378; x_wconf 71' lang='lat' dir='ltr'>artifieiomm</span> <span class='ocrx_word' id='word_1_335' title='bbox 788 4308 886 4379; x_wconf 66' lang='lat' dir='ltr'>tatto]</span> <span class='ocrx_word' id='word_1_336' title='bbox 905 4353 920 4379; x_wconf 92' lang='lat'><strong>„</strong></span> <span class='ocrx_word' id='word_1_337' title='bbox 927 4311 969 4368; x_wconf 91' lang='lat' dir='ltr'>die</span> <span class='ocrx_word' id='word_1_338' title='bbox 983 4310 1102 4380; x_wconf 72' lang='lat' dir='ltr'>Anitnge</span> <span class='ocrx_word' id='word_1_339' title='bbox 1114 4307 1299 4366; x_wconf 72' lang='lat' dir='ltr'>von-Generbe</span> 
     </span>
     <span class='ocr_line' id='line_1_41' title="bbox 73 4396 653 4470; baseline 0.003 -18"><span class='ocrx_word' id='word_1_340' title='bbox 73 4398 131 4452; x_wconf 90' lang='lat' dir='ltr'>und</span> <span class='ocrx_word' id='word_1_341' title='bbox 150 4396 270 4452; x_wconf 82' lang='lat' dir='ltr'>Konst“.</span> <span class='ocrx_word' id='word_1_342' title='bbox 290 4423 323 4436; x_wconf 90' lang='lat'>-</span> <span class='ocrx_word' id='word_1_343' title='bbox 343 4397 463 4466; x_wconf 60' lang='lat' dir='ltr'>madere]</span> <span class='ocrx_word' id='word_1_344' title='bbox 481 4397 547 4470; x_wconf 85' lang='lat' dir='ltr'>Kap.</span> <span class='ocrx_word' id='word_1_345' title='bbox 567 4400 609 4468; x_wconf 76' lang='lat'>14,</span> <span class='ocrx_word' id='word_1_346' title='bbox 628 4401 653 4454; x_wconf 85' lang='lat'>6.</span> 
     </span>
    </p>
   </div>
   <div class='ocr_carea' id='block_1_6' title="bbox 1028 4488 1087 4570">
    <p class='ocr_par' dir='ltr' id='par_1_11' title="bbox 1028 4488 1087 4570">
     <span class='ocr_line' id='line_1_42' title="bbox 1028 4488 1087 4570; baseline 0 0"><span class='ocrx_word' id='word_1_347' title='bbox 1028 4488 1087 4570; x_wconf 69' lang='lat' dir='ltr'>a*</span> 
     </span>
    </p>
   </div>
   <div class='ocr_carea' id='block_1_7' title="bbox 0 0 1548 4920">
    <p class='ocr_par' dir='ltr' id='par_1_12' title="bbox 0 0 1548 4920">
     <span class='ocr_line' id='line_1_43' title="bbox 0 0 1548 4920; baseline 0 2"><span class='ocrx_word' id='word_1_348' title='bbox 0 0 1548 4920; x_wconf 95' lang='lat' dir='ltr'> </span> 
     </span>
    </p>
   </div>
  </div>
 </body>
</html>
