3086 4920
510 381 607 436 Comm.
625 381 670 448 VI,
689 398 711 436 c.
730 381 844 436 42-44.
1239 377 1293 440 ‘225

159 545 244 610 'rell
267 543 358 607 modo
382 543 516 607 vastatis
544 543 722 624 regionibus
746 544 917 641 exercitum
941 542 1059 609 Caesar
1082 543 1219 608 ducrum
1242 549 1345 610 codd

74 651 208 714 hortium
228 650 342 716 damno
358 650 607 714 Durocortorum
622 650 797 714 Remorum
816 649 939 715 reducit
960 651 1153 732 concilioque
1169 651 1203 714 in
1219 670 1292 715 cum

74 758 174 820 locum
191 756 311 822 Gallice
333 756 451 822 indicto
475 757 513 821 de
536 756 750 821 coniuratione
776 756 936 821 Senonum
953 760 985 821 et
1001 755 1180 822 Carnutum
1197 777 1293 840 quae-

73 864 203 928 stionem
225 864 342 928 habere
365 863 506 927 inst'tuit
530 866 562 927 et
586 863 623 927 de
647 865 787 940 Accone,
818 863 873 944 qui
903 864 1047 946 princeps
1071 864 1138 928 eius
1170 865 1317 929 consiliio

73 969 188 1041 fueret,
220 971 361 1052 graviore
386 970 545 1035 sententia
567 969 774 1052 pronuntiata
804 989 891 1034 moro
922 971 1079 1034 maiorum
1103 971 1292 1054 supplicium

73 1077 213 1159 sumpsit.
243 1077 397 1141 Nonnulli
421 1077 574 1141 iudicium
597 1077 689 1141 veriti
712 1075 928 1159 profugerunt.
964 1076 1086 1155 Quibus
1111 1096 1185 1140 cum
1208 1095 1316 1159 aquae

74 1185 162 1264 etque
186 1184 252 1266 igni
275 1184 505 1261 interdixisset,
529 1183 608 1248 dues
632 1184 770 1265 legiones
796 1184 835 1247 ed
863 1184 942 1247 fines
965 1185 1187 1260 licvcrcrum,
1211 1184 1291 1248 duas

72 1290 332 1372 inLingcnibus‚
363 1310 417 1355 sex
445 1291 585 1372 reliquas
616 1291 649 1354 in
675 1289 835 1355 Senonum
864 1290 980 1354 finibus
1003 1290 1155 1372 Agedinci
1182 1290 1215 1353 in
1244 1289 1292 1354 hi-

72 1397 171 1460 bernis
196 1398 361 1462 collocavit
383 1397 607 1479 frumentoque
631 1399 782 1462 exercitui
805 1398 945 1480 proviso,
968 1401 1006 1461 ut
1034 1397 1231 1474 institueret,
1258 1397 1292 1460 in

71 1503 194 1568 Italiam
218 1504 258 1568 ed
282 1506 454 1569 convontus
479 1504 616 1586 agendos
640 1503 800 1586 profectus
825 1506 881 1568 cst.

599 1719 651 1799 lv.
672 1717 760 1800 teil.

573 1845 686 1906 Καρ.
718 1844 786 1894 44.

134 1947 214 2016 Kap.
235 1950 281 2002 44.
323 1960 344 2002 ¹.
364 1948 477 2016 damno]
506 1949 577 2014 „mit
603 1948 686 2002 einem
704 1948 814 2002 Verlust
837 1965 885 2002 von
912 1949 980 2001 ...“.
1007 1978 1040 1986 -—
1069 1946 1226 2016 concilium]
1244 1946 1290 2013 IV,

74 2037 109 2103 19,
127 2039 150 2090 l.
170 2067 204 2074 —
227 2037 347 2104 Gallice]
367 2036 489 2090 verbinde
506 2037 582 2090 nicht
598 2038 648 2090 mit
666 2038 765 2092 locum!

137 2137 160 2179 2.
178 2126 308 2196 graviore
325 2127 466 2180 sententia
484 2126 681 2195 pronuntiata]
700 2126 736 2180 Er
754 2125 820 2180 leret
839 2144 906 2180 zuar
925 2125 1024 2182 Gellior
1041 2126 1089 2180 das
1102 2126 1189 2180 Urtcil
1204 2126 1290 2192 fallen,

74 2212 127 2266 aber
143 2213 185 2267 die
204 2213 293 2268 Strato
311 2214 378 2267 nach
397 2214 579 2268 altrdmischer
597 2213 666 2268 Sitte
684 2214 836 2269 vollziehen.
857 2244 887 2252 —
908 2215 1002 2283 ceriti]
1020 2215 1081 2269 Anl.
1100 2215 1130 2269 Ε.

137 2315 160 2356 3.
178 2319 257 2372 aqua
282 2309 366 2371 atquc
391 2303 454 2374 lyci
472 2303 635 2358 interdicere
653 2304 753 2371 alicui]
783 2303 824 2357 die
851 2304 979 2358 rdmisohe
1002 2305 1183 2370 Bennlorrnel;
1211 2307 1290 2357 ctwu:

76 2390 128 2456 „fiir
145 2391 270 2460 vogelfrei
288 2391 440 2445 erkltren“.
459 2421 494 2430 -
518 2391 598 2459 fiores]
616 2392 674 2446 hior
691 2392 766 2446 nicht
786 2390 932 2460 „Gebiot“.
952 2421 985 2430 -
1008 2393 1148 2458 frumen-to
1223 2409 1290 2460 pro·

75 2478 132 2545 ciro]
150 2479 196 2547 IV,
217 2480 261 2547 29,
279 2479 305 2534 4.
326 2506 358 2518 -
377 2485 409 2534 ct
426 2480 599 2548 instituerat]
617 2480 683 2552 Καρ.
702 2483 728 2548 3,
746 2481 773 2535 4.
794 2510 827 2519 -
852 2487 1001 2536 concentus
1022 2481 1113 2550 cgere]
1134 2479 1290 2548 „Geriohts-

75 2567 134 2635 tage,
151 2567 293 2636 Kreistege
312 2567 468 2622 abhelten“.
