3134 4922
536 396 633 451 Comm.
652 395 698 464 IV,
718 413 739 450 c.
759 397 873 450 32-34.
1268 393 1317 454 137

98 555 133 619 ad
156 574 229 619 suos
253 558 417 639 receptum
440 557 588 622 habeant.
618 557 670 620 Ita
693 558 904 621 mobilitatem
928 556 1082 637 equiturn,
1107 557 1343 622 stabilitatem

96 662 235 744 peditum
266 663 300 726 in
328 663 454 745 proeliis
484 665 667 746 praestant;
698 682 735 728 ac
757 665 887 727 tantum
910 681 971 726 usn
995 663 1152 727 cotidiano
1176 665 1208 727 et
1231 682 1317 728 exer·

97 769 239 832 citatione
264 768 421 846 efficiunt,
444 770 493 833 uti
515 770 547 832 in
571 769 684 834 declivi
707 789 744 834 ac
767 769 933 852 praecipiti
955 770 1023 833 loco
1046 769 1194 834 incitatos
1218 788 1317 851 equos

98 875 247 939 sustinere
284 877 317 940 et
350 875 437 940 brevi
472 876 629 940 moderari
664 895 701 941 ao
735 875 862 940 flectere
898 877 930 940 et
964 894 1020 958 per
1054 877 1215 940 temonem
1246 896 1317 958 per-

97 999 216 1046 currere
248 984 282 1046 et
311 982 344 1044 in
374 983 448 1064 iugo
476 983 623 1046 insistere
653 985 686 1047 et
714 1002 747 1047 se
769 982 843 1046 inde
866 983 899 1045 in
928 1001 1039 1046 currus
1063 982 1215 1046 citissime
1239 983 1317 1046 reoi-

95 1105 162 1169 pere
186 1089 378 1152 consuerint.

178 1192 303 1272 Quibus
333 1195 427 1259 rebus
462 1195 656 1278 perturbatis
689 1196 806 1260 uostris
841 1196 980 1260 novitate
1015 1213 1140 1278 pugnae
1175 1197 1371 1276 temporetd

96 1301 357 1383 opportunissimo
374 1301 493 1366 Cacsar
516 1302 668 1365 auxilium
692 1303 784 1376 tulit;
807 1321 945 1384 namque
963 1303 1030 1366 eius
1048 1301 1186 1366 adventu
1207 1302 1315 1365 hostes

96 1407 312 1485 constiterunt,
334 1407 435 1471 nostri
456 1426 489 1471 se
506 1426 543 1471 ex
559 1408 672 1472 timore
688 1411 886 1491 receperunt.
918 1407 987 1487 Quo
1003 1408 1087 1473 facto
1104 1407 1143 1471 ad
1159 1409 1341 1471 lacessens

95 1512 164 1577 dum
188 1516 221 1578 et
245 1514 288 1578 ad
304 1513 569 1578 committendum
583 1515 739 1596 proelium
757 1515 896 1579 alienum
913 1533 982 1579 esse
998 1517 1125 1597 tempus
1142 1515 1316 1578 arbitratus

95 1639 146 1683 suo
169 1639 202 1684 se
226 1621 296 1685 loco
320 1620 476 1684 continuit
498 1622 531 1684 et
546 1621 633 1684 brevi
649 1622 790 1703 tempore
807 1621 990 1685 intermisso
1006 1621 1039 1684 in
1056 1623 1161 1684 castra
1177 1621 1316 1702 legiones

94 1726 220 1790 reduxit.
252 1727 341 1790 Dum
363 1727 443 1791 haec
466 1730 628 1808 geruntur,
652 1727 769 1790 nostris
792 1728 939 1792 omnibus
959 1727 1129 1810 occupatis,
1154 1727 1209 1807 qui
1226 1729 1341 1790 arants

94 1832 226 1914 inagris
251 1834 383 1915 reliqui,
406 1833 630 1898 discesserunt.
677 1832 811 1898 Secutae
836 1836 913 1897 sunt
942 1834 1107 1897 continuos
1138 1834 1339 1915 compluresr

96 1937 154 2002 dies
176 1942 396 2023 tempestates,
421 1958 502 2021 quae
528 1941 561 2004 et
582 1942 707 2004 nostros
731 1941 765 2002 in
789 1940 902 2004 castris
926 1940 1127 2004 continerent
1142 1939 1315 2003 ethostem

96 2063 111 2108 a
135 2065 241 2128 pugna
272 2047 483 2129 prohiberent.
528 2047 662 2110 Interim
693 2047 820 2110 barbari
848 2047 977 2110 nuntios
1005 2046 1039 2109 in
1069 2063 1177 2110 omnes
1208 2047 1343 2128 partesc

96 2150 279 2218 dimiserunt
301 2154 560 2235 paucitatemque
582 2155 764 2217 nostrorum
787 2153 928 2216 militum
958 2153 1024 2216 suis
1052 2151 1316 2235 praedicaverunt

96 2260 137 2334 et,
165 2261 290 2340 quanta
318 2259 454 2342 praedae
484 2259 646 2323 faciendae
677 2260 774 2339 atque
804 2259 838 2322 in
866 2261 1057 2341 perpetuum
1088 2259 1138 2321 sui
1160 2257 1316 2323 liberandi

97 2514 301 2589 ‚‚l'lberrnacht“.
322 2555 354 2562 -
379 2524 533 2594 mpeditus]
553 2523 663 2592 (legens.
684 2541 715 2577 zu
733 2523 884 2593 impeditas
903 2523 1089 2592 „schwierig“.
1110 2552 1143 2560 -
1162 2522 1314 2588 stabilitae]

96 2613 284 2682 „Stetiglreit“.
300 2643 333 2652 -
344 2613 502 2683 praestare]
516 2613 565 2666 hat
577 2613 619 2666 dic
628 2613 712 2680 (gnte)
721 2612 898 2680 Eigenschaft,
912 2611 954 2666 die
967 2628 1027 2665 man
1042 2611 1112 2680 aeigt
1125 2610 1186 2665 oder
1199 2610 1313 2678 beweist,

94 2701 125 2754 im
142 2702 233 2757 Aecus.
252 2703 296 2756 bei
314 2703 378 2756 sich.
397 2731 431 2740 —
450 2717 518 2756 caca
536 2707 563 2756 at
581 2702 752 2769 mactatio]
772 2705 852 2755 ebra:
873 2700 1020 2767 „Versuche
1039 2700 1093 2753 und
1106 2690 1264 2767 Ubungen“.
1280 2726 1313 2738 -·

94 2791 122 2843 ia
138 2792 237 2847 declivi
256 2791 326 2860 loco]
352 2792 420 2859 „auf
436 2791 630 2860 abachdssigem
648 2791 767 2845 Bodcn“.
792 2827 827 2835 -
850 2790 993 2857 incitatos]
1016 2789 1065 2842 Die
1084 2788 1176 2842 Pierde
1194 2787 1314 2841 befinden

95 2879 143 2932 rich
165 2882 220 2935 also
244 2882 274 2934 in
296 2880 389 2933 vollem
408 2878 518 2949 Galopp.
545 2909 578 2917 -
603 2879 749 2947 sustinere]
776 2895 857 2944 „zum
880 2877 976 2932 Stehen
999 2877 1141 2944 bringon“.
1168 2905 1201 2914 -
1227 2875 1315 2943 brool]

93 2967 170 3022 Weon
189 2970 227 3022 oie
246 2986 276 3023 es
294 2969 321 3022 in
334 2970 439 3022 lumem
453 2968 533 3036 fertig
546 2967 663 3035 bringam
683 2983 712 3021 so
730 2967 767 3020 ist
780 2983 808 3020 es
827 2967 882 3020 also
896 2966 937 3019 fur
952 2966 989 3018 sie
1002 2965 1090 3018 leicht
1111 2994 1144 3002 -
1162 2963 1313 3031 anodcrcri]

93 3055 176 3110 Dutch
195 3057 296 3126 Ziigeln
319 3057 466 3125 vercingert
487 3073 548 3110 man
572 3057 614 3110 die
632 3056 821 3125 Schnelliglreit
839 3056 885 3108 des
903 3055 997 3108 Lauies
1016 3056 1062 3107 dor
1079 3053 1180 3107 Ptcrde.
1206 3083 1240 3091 —
1260 3069 1317 3121 per

94 3147 225 3213 temonem]
253 3145 297 3198 Sie
319 3146 406 3198 laufcm
430 3145 476 3198 aui
496 3145 542 3198 der
559 3145 680 3200 Deichscl
703 3146 748 3199 hin
771 3145 814 3198 bis
838 3162 870 3198 au
888 3144 947 3196 dem
966 3160 1030 3212 quer
1047 3142 1112 3196 liber
1130 3142 1188 3195 dem
1206 3141 1313 3196 Nacken

94 3232 136 3286 der
151 3234 225 3288 Tiere
244 3233 380 3301 liegenden
398 3231 486 3287 Jochc.

158 3340 236 3411 Καρ.
257 3339 309 3395 al.
351 3352 371 3393 1.
395 3340 519 3394 nouitate
536 3339 657 3408 pcpaca]
680 3340 818 3408 glottam,
842 3354 981 3406 wesrvegcn
1001 3337 1042 3390 die
1060 3336 1155 3390 Riimer
1173 3337 1313 3390 hierdurch

94 3430 208 3484 verbldfft
226 3446 327 3495 waren3
351 3429 460 3484 accitae
480 3427 543 3494 „die
561 3427 772 3495 ungewthnliche
853 3426 968 3479 Weisc“.
993 3456 1027 3464 -
1050 3425 1313 3494 opportunissimas}

93 3515 152 3588 Kap.
172 3520 214 3583 13,
234 3519 259 3572 4.
280 3547 313 3557 -
333 3516 478 3583 advectus]
499 3514 708 3583 „Erscheinen“.

160 3619 182 3661 ².
202 3624 256 3677 pao
274 3606 362 3673 sacto]
380 3604 441 3659 Anl.
453 3603 502 3659 ΚΕ
523 3635 555 3643 -
575 3603 614 3658 ad
632 3603 827 3670 lacessendmn]
848 3619 927 3670 „zum
941 3602 1103 3670 Angreifcn“
1123 3602 1245 3656 verbinde
1263 3602 1316 3655 mit

94 3696 209 3750 alienum
228 3713 283 3750 coac
302 3696 423 3764 tempas!
459 3695 568 3748 alienae
587 3692 625 3746 cd
645 3692 823 3760 „nngeeignet
841 3692 903 3746 au“.
923 3720 956 3730 -
976 3687 1138 3762 arbitratus]
1157 3690 1217 3744 Anl.
1232 3690 1262 3744 E.
1279 3718 1310 3728 -

93 3799 145 3837 mco
168 3801 208 3838 me
235 3785 293 3840 loco
319 3783 457 3850 contineo]
486 3782 550 3849 „ich
575 3781 659 3835 bleibo
682 3781 711 3834 in
735 3781 834 3834 meiner
858 3780 1016 3848 Stellung·‘;
1045 3785 1071 3834 tc
1096 3779 1222 3834 contineo
1248 3779 1312 3846 „ich

94 3873 176 3940 nitige
194 3873 254 3926 dicb
274 3889 306 3926 zu
323 3873 434 3938 bleiben‚
453 3873 522 3925 lasse
540 3870 599 3924 dich
618 3870 750 3924 bleibeu“.
777 3899 808 3907 -
836 3870 909 3925 breta
927 3875 1044 3937 tempore
1062 3866 1225 3935 intermisce]
1248 3867 1315 3920 Ent-

95 3960 173 4014 ucder
190 3960 324 4014 verwcnde
343 3959 488 4027 ‚‚Verlauf“
509 3959 571 4013 oder
588 3960 722 4012 dbersetze
740 3958 807 4012 nach
827 3957 886 4012 Anl.
905 3957 959 4012 11⁴!

161 4062 173 4104 ³
189 4068 212 4100 n.
229 4062 252 4103 4.
271 4049 321 4118 qai
340 4055 420 4103 erant
438 4050 470 4103 ia
489 4049 565 4117 apris
582 4048 694 4117 reliqua]
713 4047 776 4100 Wer
794 4048 860 4101 noch
879 4047 925 4101 aui
940 4047 989 4100 den
1007 4045 1118 4100 Feldern
1137 4045 1233 4098 auriick
1251 4061 1314 4114 war,

94 4133 171 4190 haben
189 4138 237 4191 wir
255 4137 320 4191 oben
338 4138 450 4206 gelesen.
476 4173 511 4182 -
537 4136 693 4203 conticuos]
718 4137 854 4190 iibersetze
872 4135 953 4189 durch
971 4135 1013 4188 eiu
1031 4133 1112 4200 Adv‚;
1137 4151 1191 4187 was
1210 4133 1312 4188 aoitlich

95 4226 328 4294 zusammenhlingt,
346 4225 462 4279 befindet
480 4225 535 4279 sich
554 4225 772 4279 hintereinander.

162 4327 183 4368 a.
198 4315 376 4383 praedicare]
397 4314 534 4381 „belmunt
546 4314 654 4367 maohen
668 4314 785 4367 lassen“.
806 4340 838 4350 —-
858 4317 962 4382 pacata
980 4311 1116 4380 facultas]
1134 4311 1193 4364 Wir
1210 4311 1314 4365 lbnnen

93 4401 162 4455 nicht
180 4419 273 4472 sagon:
292 4403 380 4456 welch'
399 4401 517 4470 grosse
535 4400 714 4469 Gelegenheit.
742 4432 774 4440 —
800 4401 832 4455 ia
851 4400 1026 4471 perpetuam]
1053 4400 1116 4468 „dir
1134 4399 1257 4453 immer“.
1277 4428 1313 4436 -
