3086 4920
534 362 632 419 Comm.
650 363 710 432 VH,
729 380 751 419 c.
769 363 885 420 51-54.
1268 363 1321 426 287

78 525 264 603 militibus,
294 543 334 590 ne
364 525 403 590 ob
432 525 516 590 hane
545 543 677 590 oausam
706 525 812 590 animo
834 528 1095 609 permoverentur
1126 545 1206 605 neu,
1237 528 1322 610 quod

80 632 245 714 iniqnitas
268 631 330 697 loci
354 631 531 709 attulisset,
558 631 591 696 id
613 632 727 697 virtuti
749 631 892 697 hostium
915 633 1108 711 tribuerent,
1139 632 1252 698 eedem
1281 634 1321 700 de

79 737 287 824 profectione
310 739 464 821 cogitans,
489 757 569 820 quae
593 740 666 803 ente
691 740 845 817 senserat,
868 739 1008 822 legiones
1030 741 1196 805 excestria
1213 740 1323 806 eduxit

79 846 257 927 aciemque
280 845 393 910 idoneo
416 846 485 910 loco
508 844 683 910 const'tuit.
729 845 812 910 Cum
834 845 1076 928 Vercingetorix
1097 847 1195 912 nihilo
1218 849 1347 930 magist

79 953 117 1016 in
144 970 291 1034 aequum
318 953 425 1018 locum
456 952 676 1030 descenderet,
705 952 769 1017 levi
798 951 881 1018 fecto
905 953 1048 1034 equestri
1075 954 1193 1036 proelio
1224 957 1321 1036 etque

79 1059 231 1124 seeundo
254 1058 289 1122 in
311 1061 418 1125 castra
441 1059 612 1123 exereitum
637 1057 772 1124 reduxit.
819 1057 900 1124 Cum
922 1059 983 1124 hoc
1005 1059 1091 1124 idem
1113 1063 1239 1144 postero
1270 1060 1346 1126 dien

78 1166 236 1243 fecisset,
261 1165 339 1230 setis
364 1164 404 1229 ad
428 1164 585 1231 Gallicam
607 1165 855 1230 ostentationem
881 1165 1087 1231 minuendam
1116 1167 1320 1250 militumque

78 1273 215 1338 enimoe
246 1271 476 1338 confirmandos
503 1270 626 1336 fectum
655 1271 840 1337 existimans
870 1271 904 1335 in
925 1270 1053 1336 Aeduos
1082 1273 1182 1339 movit
1206 1276 1320 1339 eastra

77 1379 133 1444 Ne
166 1382 242 1444 tum
265 1378 402 1461 quidem
429 1375 582 1443 insecutis
612 1378 758 1443 hostibus
788 1379 884 1443 tertio
914 1378 965 1443 die
997 1378 1037 1443 ed
1060 1377 1181 1444 fiumen
1203 1380 1344 1445 Elaverr

77 1487 205 1571 pontes
227 1485 330 1550 reficit
352 1503 452 1567 eoque
476 1485 651 1550 exercitum
673 1484 823 1550 traducit.
1400 1552 1404 1558 ,

178 1591 231 1657 Ibi
254 1610 273 1656 e
295 1592 495 1657 Viridomaro
518 1592 616 1673 etque
639 1592 851 1674 Eporedorige
874 1591 993 1656 Aeduis
1024 1592 1202 1676 appellatus
1226 1591 1321 1658 discit
1330 1595 1374 1658 54

76 1719 163 1766 cum
187 1697 276 1763 omni
299 1697 446 1781 equitatu
460 1697 658 1763 Litaviccum
681 1697 721 1762 ed
744 1698 960 1763 sollicitandos
975 1697 1102 1764 Aeduos
1125 1699 1319 1782 profectum:

77 1825 168 1892 opus
210 1823 280 1870 esse
319 1805 404 1888 ipsos
443 1804 629 1870 antecedere
668 1804 709 1869 ed
746 1805 996 1870 confirmandam
1033 1806 1205 1872 civitatem.
1249 1807 1346 1873 lltsir

77 1913 204 1980 multis
234 1911 300 1976 iam
322 1912 417 1976 rebus
440 1910 607 1995 perfidiam
629 1909 815 1978 Aeduorum
837 1913 1038 1994 perspectam
1060 1913 1199 1978 habebat
1222 1915 1319 1997 atque

76 2022 205 2089 horum
229 2018 371 2084 discessu
387 2018 583 2084 admaturari
598 2017 807 2084 defectionem
823 2017 960 2083 civitatis
976 2019 1188 2098 existimabat,
1211 2024 1320 2087 tumen

76 2147 138 2194 eos
173 2125 358 2192 retinendos
386 2144 451 2190 non
478 2125 596 2190 constit
620 2125 658 2202 t,
687 2143 727 2190 ne
758 2126 816 2189 aut
844 2123 962 2189 inferre
984 2125 1135 2192 iniuriam
1158 2127 1320 2193 videretur

77 2238 144 2302 eut
169 2233 264 2298 duret
286 2232 409 2298 timoris
433 2232 576 2314 aliquam
599 2231 819 2315 suspicionem.
848 2230 1094 2298 Discedentibus
1114 2234 1165 2298 his
1180 2235 1345 2301 brevitate

77 2361 146 2408 sna
170 2340 207 2406 in
222 2340 348 2405 Aeduos
371 2339 487 2424 merita
510 2339 670 2423 exposuit:
696 2357 775 2420 quoe
796 2341 830 2403 et
854 2356 952 2419 quem
973 2339 1112 2405 humiles
1137 2342 1319 2424 accepisset,

77 2448 271 2532 compulsos
294 2447 328 2511 in
351 2446 480 2530 oppida,
512 2447 667 2512 multatos
699 2446 783 2528 agris
807 2445 953 2510 omnibus
977 2447 1095 2528 ereptis
1118 2447 1231 2531 copiis,
1259 2448 1343 2513 im·r

76 2556 193 2642 posito
224 2552 393 2637 stipendio,
423 2551 585 2618 obsidibus
615 2570 743 2617 summa
773 2571 847 2616 cum
877 2552 1070 2616 contumelia
1104 2553 1251 2632 extortiS,
1285 2556 1319 2618 et

77 2681 188 2748 quem
210 2660 245 2724 in
267 2659 430 2726 fortunam
453 2677 613 2742 quamque
635 2659 669 2724 in
693 2658 937 2741 amplitudinem
960 2657 1157 2737 deduxisset,
1190 2662 1226 2724 ut
1255 2679 1319 2724 non

76 2871 202 2932 Reder‘
231 2901 265 2912 -
289 2870 527 2942 permoverentur]
554 2870 621 2942 Kep.
646 2871 758 2937 38,10.
788 2900 821 2911 -
849 2868 944 2925 cadem
969 2870 1095 2940 cogitans
1120 2869 1154 2925 de
1173 2870 1236 2941 ...]
1260 2871 1318 2926 Wir

76 2979 183 3033 engen:
209 2961 273 3028 „iob
291 2961 374 3014 denlre
392 2977 427 3015 so
445 2960 596 3014 hiertber‘t
616 2989 651 2999 -
670 2975 741 3028 guae
758 2965 824 3014 aute
842 2959 976 3028 senserat]
995 2959 1158 3014 Verlrilruen!
1179 2989 1213 2999 -
1232 2961 1319 3016 aciem

77 3090 124 3110 ...
147 3049 307 3117 emutuit]
325 3049 434 3103 Werum
453 3048 529 3103 stellt
546 3064 575 3102 er
594 3048 650 3102 sich
668 3065 727 3102 zum
746 3047 870 3103 Gcfechte
888 3048 954 3102 auf?

161 3151 253 3194 2—4.
271 3139 360 3194 esibile
377 3137 478 3208 magio]
502 3137 556 3191 Der
575 3135 721 3206 Gegensatn
741 3137 825 3192 daron
842 3137 880 3192 ist
902 3138 991 3193 nihilo
1015 3137 1107 3193 minoe
1124 3161 1160 3182 =
1179 3137 1318 3192 deseenun·

75 3229 219 3302 geachtet
244 3255 280 3266 —
303 3227 517 3282 ostentationem
533 3226 668 3295 minoem]
691 3227 781 3281 Etwe:
807 3227 884 3295 „ihre
902 3227 1063 3281 Prehlsucht
1080 3226 1262 3295 demittigen“.
1283 3254 1316 3268 -

75 3320 123 3388 eo]
145 3318 204 3372 Der
220 3315 303 3384 Fluls,
322 3316 387 3370 liber
405 3316 454 3370 den
473 3332 501 3370 er
520 3315 561 3369 die
579 3315 701 3386 Truppen
720 3316 816 3370 riiclren
834 3315 908 3384 ldlet,
926 3316 978 3385 gilt
996 3317 1052 3370 eleo
1070 3316 1110 3370 als
1128 3315 1226 3370 Mittel.

158 3405 239 3475 Καρ.
263 3405 310 3461 54.
350 3417 406 3460 ru.
426 3415 450 3460 e.
476 3403 629 3476 appellare]
658 3405 739 3460 euch:
768 3404 894 3474 „jemand
917 3405 1066 3474 angehen“.
1095 3435 1124 3444 -
1155 3405 1317 3475 sollicitare]

75 3498 153 3568 Kap.
172 3485 219 3562 37,
238 3495 263 3549 1.
283 3522 316 3532 —
335 3493 496 3561 confirmare
515 3494 582 3562 alm]
601 3494 681 3548 euch:
702 3493 779 3563 „sich
794 3493 929 3562 jemandes
947 3493 1125 3547 versichem“.
1151 3521 1188 3532 -
1210 3493 1318 3560 besem

75 3583 238 3651 muciam]
255 3582 358 3638 Blosses
376 3582 505 3636 Verbum!
526 3612 559 3621 -
578 3581 773 3650 adenctwrare]
792 3581 880 3649 „noch
898 3582 973 3635 mehr
990 3581 1215 3650 beschleunigen“
1233 3581 1317 3636 findet

75 3675 142 3732 sich
161 3689 215 3728 nur
231 3672 296 3726 hier.
316 3700 350 3710 -
369 3670 488 3739 timeris]
506 3669 614 3724 Ersetne
632 3670 715 3724 durch
733 3670 809 3724 einen
827 3669 888 3723 Satn
906 3669 958 3723 mit
976 3669 1038 3735 „als
1057 3670 1128 3724 obl“

161 3774 174 3817 a
191 3779 215 3816 u.
231 3774 256 3815 4.
269 3760 348 3830 quoe]
367 3759 519 3814 bezeichnet
536 3759 572 3814 im
591 3759 762 3829 allgemeinen
777 3759 834 3812 ihre
847 3759 925 3827 Lege,
944 3758 986 3811 die
1000 3757 1070 3811 dann
1084 3759 1175 3813 weiter
1188 3759 1317 3814 erldutert

75 3851 152 3909 wird
170 3849 255 3904 durch
273 3849 387 3904 tentae
405 3849 607 3916 („mechtlos“).
627 3876 661 3886 -
679 3847 838 3916 acecpteoet]
858 3846 1053 3915 „vorgelunden
1067 3846 1174 3901 hetu‘t
1193 3876 1227 3886 -
1245 3847 1315 3902 euol-

75 3949 145 3998 tare
166 3939 224 3994 aon
240 3939 282 4006 re]
307 3938 389 4007 „jem
407 3955 453 3991 um
470 3940 551 3992 etwas
568 3937 684 3992 hilsen“
703 3936 869 4005 (transitivl),
895 3965 929 3975 —
954 3935 1080 3990 cornibus
1098 3936 1199 4004 ereptio
1216 3933 1316 4005 copiis]

75 4046 158 4101 „von
177 4027 248 4082 allen
265 4026 374 4081 Mitteln
391 4027 555 4093 entbldlst“;
581 4026 648 4080 auch
665 4027 707 4080 fiir
725 4025 767 4080 die
791 4024 902 4093 librigen
920 4021 1026 4078 Glieder
1050 4024 1129 4078 suche
1146 4023 1316 4094 Participien,

75 4121 124 4174 die
152 4116 211 4172 sich
235 4132 269 4170 an
293 4115 334 4170 die
352 4117 484 4170 Personen
507 4115 644 4170 cnlehnen.
670 4145 704 4156 -
728 4131 836 4170 summa
861 4129 923 4167 eum
946 4112 1124 4181 contumelio]
1149 4110 1209 4167 Aul.
1228 4112 1261 4166 Y.
1281 4141 1315 4152 -

73 4207 154 4265 mitri
172 4203 280 4261 obsideo
298 4204 506 4288 temperentur]
526 4205 590 4273 „ich
608 4204 693 4258 werde
712 4220 758 4257 rur
776 4202 898 4270 Stellung
914 4217 966 4255 ron
984 4198 1089 4255 Geiselu
1108 4201 1259 4271 goprelst“.
1279 4226 1313 4239 --

73 4311 169 4369 quaere
245 4293 278 4348 ia
295 4293 509 4364 amplitudinem
526 4292 697 4360 deduxisset]
720 4291 762 4345 Sie
780 4292 875 4346 hatten
892 4290 921 4344 in
939 4289 985 4343 der
1002 4287 1073 4343 Thst
1090 4289 1166 4344 nicht
1182 4305 1234 4343 nur
1256 4289 1314 4343 ihre

74 4386 190 4442 ffiihere
214 4380 337 4452 Stallung
360 4383 609 4452 wiedergewonnen,
637 4381 749 4436 sordem
773 4380 830 4434 ihre
853 4378 1024 4447 Bedeutung‚
1049 4394 1082 4430 zu
1100 4376 1210 4432 welcber
1234 4377 1315 4431 ihnen
