3086 4920
520 379 617 434 Comm.
637 379 681 446 VI,
701 397 722 433 c.
741 381 837 435 8-10.
1245 377 1297 438 199

66 542 139 604 ante
164 540 338 606 exercitum
366 540 567 618 traduxerat,
597 539 700 604 facere
729 542 859 624 pontem
888 541 1037 605 instituit.
1084 541 1169 606 Nota
1199 544 1319 624 atquae

65 647 215 712 instituta
238 648 360 712 ratione
383 665 499 728 magno
522 647 662 711 militum
686 646 791 711 studio
814 647 925 729 paucis
949 646 1059 712 diebus
1092 666 1169 730 opus
1200 647 1295 712 effici-

65 756 126 816 tur.
173 754 280 818 Firmo
305 753 339 817 in
361 753 505 818 Treueris
530 753 570 816 ad
592 751 723 835 pontem
745 753 901 836 praesidio
931 753 1056 831 relicto,
1085 773 1125 818 nc
1155 755 1225 835 quis
1256 755 1319 818 aba

64 860 114 923 his
138 861 245 924 subito
270 861 375 924 motus
400 861 557 936 oreretur,
585 860 725 940 reliquas
750 860 855 942 copias
879 859 1122 942 equitatumque
1146 860 1294 924 traducit.

64 967 154 1044 Ubii,
187 967 243 1049 qui
273 968 346 1031 ante
382 965 504 1030 obsides
536 965 691 1030 dederant
722 968 817 1047 atque
848 967 881 1029 in
912 966 1105 1030 deditionem
1133 969 1320 1042 venerante

64 1073 224 1155 purgandi
248 1073 299 1136 sui
322 1091 419 1137 causa
443 1072 483 1136 ad
507 1091 581 1136 cum
610 1073 733 1154 legatos
763 1072 913 1149 mittunt,
945 1073 1000 1153 qui
1030 1072 1163 1137 doceant
1191 1091 1294 1154 neque

64 1179 183 1243 auxilia
200 1198 238 1242 ex
254 1197 312 1244 sua
328 1179 456 1244 civitate
472 1180 505 1243 in
520 1179 672 1243 Treveros
688 1179 796 1255 missa,
817 1198 920 1261 neque
937 1180 976 1243 ab
993 1198 1026 1243 ae
1041 1178 1138 1242 fidem
1157 1179 1293 1252 laesam

64 1287 181 1368 petunt
204 1288 302 1366 atque
326 1287 427 1362 orant,
450 1287 489 1349 ut
511 1285 571 1349 sibi
593 1287 713 1368 parcat,
735 1304 775 1350 ne
800 1285 960 1349 communi
975 1285 1044 1349 odio
1061 1283 1317 1349 Germanorumr

64 1393 252 1456 innocentes
280 1411 337 1474 pro
367 1393 555 1457 nocentibus
584 1410 702 1474 poenas
732 1391 892 1474 pendant3
923 1392 950 1454 si
980 1391 1116 1473 amplius
1147 1390 1292 1454 obsidum

64 1499 176 1576 vellet,
201 1498 276 1562 dare
305 1499 502 1580 pollicentur.
550 1497 825 1579 Cognitattiacaar
849 1516 946 1561 causa
968 1498 1087 1580 reperit
1117 1498 1156 1562 ab
1182 1496 1320 1561 Suebiss

64 1605 184 1670 auxilia
207 1604 306 1668 missa
330 1623 407 1669 esse.
453 1605 610 1670 Ubiorum
634 1606 685 1668 sat
671 1603 884 1668 tisiactionem
916 1604 1052 1722 accepit,
1083 1603 1189 1668 aditus
1213 1604 1295 1668 rias-

65 1731 125 1794 que
151 1712 186 1775 in
211 1710 331 1776 Suebos
354 1711 518 1794 perquirit.

154 1817 290 1882 Interim
331 1818 440 1900 paucis
479 1819 552 1900 post
590 1817 700 1882 diebus
738 1817 775 1881 fit
813 1818 852 1880 ab
891 1816 982 1881 Ubiis
1021 1816 1135 1881 certior
1175 1816 1294 1881 Suebos
1307 1819 1348 1878 lb

64 1943 175 1988 omnes
199 1924 233 1987 in
256 1943 357 1987 unum
380 1924 486 1988 locum
508 1924 613 2007 copias
644 1942 754 2006 cogere
786 1925 881 2005 atque
911 1924 949 1987 iis
979 1923 1178 2000 nationibus
1213 1942 1294 2005 quae

65 2032 122 2095 sub
156 2049 267 2096 eorum
296 2031 360 2094 sint
389 2030 536 2113 imperio,
568 2030 771 2107 denuntiare,
801 2031 838 2093 ut
868 2030 985 2094 auxilia
1014 2029 1177 2112 peditatus
1208 2030 1295 2111 equi-

64 2139 220 2219 tatusque
255 2137 396 2200 mittant.
447 2137 507 2200 His
543 2137 677 2218 cognitis
711 2138 806 2201 rebus
843 2155 912 2200 rem
945 2135 1190 2200 frumentariam
1224 2152 1320 2218 pro-a

65 2244 166 2320 videt,
199 2244 312 2306 castris
342 2243 492 2306 idoneum
520 2244 626 2307 locum
656 2242 783 2324 deligit3
814 2242 905 2307 Ubiis
934 2243 1085 2324 imperat,
1115 2244 1153 2305 ut
1182 2260 1295 2325 pecora

65 2350 225 2414 deducant
261 2367 381 2431 suaque
417 2349 522 2414 omnia
556 2368 594 2413 cx
628 2350 712 2432 agris
741 2350 775 2412 in
805 2349 918 2432 oppida
949 2347 1128 2425 conferant,
1163 2367 1293 2431 sperans

65 2457 216 2520 barbaros
254 2457 351 2537 atque
387 2457 550 2539 imperitos
587 2456 731 2520 homines
769 2456 875 2538 inopia
912 2455 1102 2519 cibariorum
1141 2454 1293 2518 adductos

65 2563 104 2627 ad
142 2563 291 2644 iniquam
308 2569 310 2574 “
327 2563 491 2645 pugnandi
525 2562 740 2628 condicionem
777 2581 870 2644 posse
905 2560 1033 2638 deduci3
1072 2560 1219 2636 mandat,
1257 2562 1319 2622 uta

65 2671 191 2734 crebros
220 2669 433 2751 exploratores
463 2669 496 2732 in
527 2667 647 2732 Suebos
678 2669 826 2745 mittant,
858 2685 1002 2749 quaeque
1038 2667 1122 2750 apud
1154 2684 1206 2730 eos
1241 2683 1294 2747 ge-

64 2779 194 2852 rantur,
218 2775 419 2856 cognoscant.
464 2774 517 2838 Illi
538 2773 696 2857 imperata
725 2773 847 2840 faciunt
870 2775 903 2838 et
925 2774 1035 2857 paucis
1059 2773 1170 2837 diebus
1197 2772 1317 2835 inter-⁴

65 2881 172 2946 missis
200 2881 360 2946 referunt:
394 2880 514 2945 Suebos
544 2899 670 2957 onmes,
699 2881 910 2963 posteaquam
941 2880 1091 2944 certiores
1120 2878 1226 2942 nuntii
1255 2877 1293 2941 de

65 2989 206 3052 exercitu
221 2987 441 3051 Romanorum
464 2987 617 3064 venerint,
641 3006 715 3051 cum
739 2987 884 3051 omnibus
909 2986 974 3050 suis
999 2985 1219 3064 sociorumque
1244 3002 1294 3047 co-

64 3235 173 3290 natione
195 3233 342 3301 instituta]
366 3233 417 3302 vgl.
436 3233 482 3300 IV,
505 3233 544 3299 11,
563 3234 589 3286 2.
625 3233 674 3286 Dic
692 3233 794 3287 Bauart
812 3233 858 3287 der
876 3233 977 3285 Brbcke
994 3231 1047 3299 gilt
1065 3231 1120 3284 ihm
1138 3229 1234 3284 bereits
1254 3229 1293 3282 als

65 3322 223 3392 cingetiihrt,
242 3322 283 3375 als
301 3321 496 3375 herkbmmlich.

138 3423 192 3464 ou.
210 3423 233 3466 a.
255 3409 404 3480 propendi
426 3409 472 3463 saci
496 3409 595 3476 cauea]
620 3408 669 3462 Die
692 3407 912 3477 Rechtfertigung
936 3407 1068 3460 orscheint
1092 3407 1132 3459 als
1156 3406 1212 3460 cine
1235 3405 1294 3460 Roi-

66 3499 173 3569 nigung.
194 3526 227 3536 -
248 3497 378 3565 doceant]
396 3497 473 3565 V,-1,
493 3497 509 3550 ‘1
528 3497 582 3550 und
601 3497 661 3551 Anl.
680 3495 732 3552 N³.
789 3493 792 3501 '

138 3601 192 3642 ru.
210 3599 234 3643 s.
254 3591 355 3656 petum
380 3591 463 3656 atquc
489 3586 583 3654 mant]
608 3586 661 3655 agl.
683 3602 740 3654 pur
764 3591 845 3654 atqua
868 3585 940 3640 idem
960 3584 993 3651 V,
1014 3585 1055 3652 16,
1074 3585 1099 3638 3.
1126 3611 1158 3620 -
1185 3590 1217 3638 ut
1241 3584 1294 3638 sibi

62 3675 175 3746 porcat]
194 3675 255 3730 Aul.
271 3673 302 3740 Q.
322 3703 355 3713 -
375 3690 516 3729 coronatae
534 3674 642 3742 odium]
660 3675 708 3728 wic
722 3675 817 3730 odium
830 3674 952 3729 omniocm
967 3672 1161 3743 doppelsinnig:
1181 3673 1209 3738 1)
1228 3672 1295 3744 „der

66 3764 133 3819 Hass
151 3764 255 3830 aller“;
281 3763 310 3828 2)
328 3780 432 3832 „gogen
451 3763 531 3818 alle“.
555 3790 588 3800 —
612 3763 744 3832 amplias]
767 3762 835 3816 noch
851 3762 933 3829 mehr,
953 3761 992 3814 als
1010 3777 1039 3815 er
1058 3761 1137 3816 achon
1155 3761 1239 3816 hatte.
1260 3787 1293 3798 —

66 3869 223 3923 conoessero
241 3852 366 3920 caueam]
386 3852 464 3920 „eino
476 3851 592 3920 (Struit)
606 3850 688 3905 Socho
702 3851 907 3905 unterruchen“.
928 3877 961 3888 -·
981 3850 1116 3920 compare]
1135 3849 1220 3903 Wenn
1233 3866 1293 3904 man

66 3943 148 3996 aava
166 3942 206 3996 an
224 3940 313 4010 guug
331 3941 468 4008 anniano,
488 3957 516 3995 aa
534 3941 635 3994 arnan
652 3925 712 3993 aaa
732 3940 788 3993 san
806 3939 922 3993 amau
940 3939 1089 4008 praesaga.
1193 3941 1196 3947 ·

138 4029 216 4099 Καρ.
238 4028 287 4084 10.
326 4039 378 4082 an.
397 4041 420 4083 a.
445 4044 503 4084 rem
519 4027 734 4094 frumentariam
749 4027 905 4098 prouidere]
923 4026 969 4095 IV,
988 4028 1032 4094 29,
1051 4027 1076 4081 4.
1097 4056 1129 4065 -
1149 4025 1292 4094 demae]

68 4117 95 4182 1)
114 4117 465 4186 „wohin(wog)1iihren“;
490 4117 518 4182 2)
536 4134 590 4185 „au
613 4119 694 4171 etwas
716 4117 872 4171 vorleiten“.
898 4145 932 4154 -
957 4115 1105 4185 burburus]
1130 4115 1218 4183 „ohne
1240 4115 1294 4169 Bil-

68 4205 170 4276 dung“‚
189 4205 380 4277 entsprechend
393 4205 546 4275 imperitus.
566 4233 599 4244 -·
619 4203 763 4272 adductos]
782 4202 843 4258 Aul.
857 4204 882 4259 J.
903 4234 936 4243 -
955 4203 1056 4272 iniqua
1066 4202 1217 4274 macarii
1231 4217 1294 4257 con·

68 4293 156 4363 dicio]
175 4296 239 4364 „oin
255 4294 354 4366 Kampi
369 4297 449 4349 unter
467 4294 644 4364 ungtinstigen
663 4292 894 4347 Verhbltnissen“.

142 4397 165 4439 1.
186 4383 282 4440 dicbm
294 4383 468 4452 intermissis]
482 4383 527 4451 IV,
542 4385 585 4450 34,
600 4383 625 4437 2.
645 4409 678 4422 -
698 4382 834 4437 sociorum
847 4382 952 4452 copiae]
973 4379 1243 4449 ,‚Bundest1·uppen“.
1260 4408 1294 4417 -
