<?xml version="1.0" encoding="UTF-8"?>
<!DOCTYPE html PUBLIC "-//W3C//DTD XHTML 1.0 Transitional//EN"
    "http://www.w3.org/TR/xhtml1/DTD/xhtml1-transitional.dtd">
<html xmlns="http://www.w3.org/1999/xhtml" xml:lang="en" lang="en">
 <head>
  <title>
</title>
<meta http-equiv="Content-Type" content="text/html;charset=utf-8" />
  <meta name='ocr-system' content='tesseract 3.04.00' />
  <meta name='ocr-capabilities' content='ocr_page ocr_carea ocr_par ocr_line ocrx_word'/>
</head>
<body>
  <div class='ocr_page' id='page_1' title='image "./ciuliicaesarisc01menggoog/ciuliicaesarisc01menggoog_0038.png"; bbox 0 0 3172 4922; ppageno 0'>
   <div class='ocr_carea' id='block_1_1' title="bbox 567 352 1333 418">
    <p class='ocr_par' dir='ltr' id='par_1_1' title="bbox 567 352 1333 418">
     <span class='ocr_line' id='line_1_1' title="bbox 567 352 1333 418; baseline 0.014 -12"><span class='ocrx_word' id='word_1_1' title='bbox 567 352 664 408; x_wconf 87' lang='lat' dir='ltr'>Comm.</span> <span class='ocrx_word' id='word_1_2' title='bbox 683 354 703 415; x_wconf 82' lang='grc' dir='ltr'>Ι,</span> <span class='ocrx_word' id='word_1_3' title='bbox 722 371 744 408; x_wconf 88' lang='lat' dir='ltr'>c.</span> <span class='ocrx_word' id='word_1_4' title='bbox 764 355 807 409; x_wconf 90' lang='lat'>18.</span> <span class='ocrx_word' id='word_1_5' title='bbox 827 356 869 409; x_wconf 85' lang='lat'>19.</span> <span class='ocrx_word' id='word_1_6' title='bbox 1236 384 1238 388; x_wconf 59' lang='grc'>’</span> <span class='ocrx_word' id='word_1_7' title='bbox 1299 356 1333 418; x_wconf 76' lang='lat' dir='ltr'>la</span> 
     </span>
    </p>
   </div>
   <div class='ocr_carea' id='block_1_2' title="bbox 97 513 1459 2408">
    <p class='ocr_par' dir='ltr' id='par_1_2' title="bbox 97 513 1329 704">
     <span class='ocr_line' id='line_1_2' title="bbox 97 513 1329 600; baseline 0.002 -20"><span class='ocrx_word' id='word_1_8' title='bbox 97 516 170 580; x_wconf 84' lang='lat' dir='ltr'>rilio</span> <span class='ocrx_word' id='word_1_9' title='bbox 195 514 331 580; x_wconf 80' lang='lat' dir='ltr'><strong>Caesari</strong></span> <span class='ocrx_word' id='word_1_10' title='bbox 353 513 481 578; x_wconf 91' lang='lat' dir='ltr'>Haedui</span> <span class='ocrx_word' id='word_1_11' title='bbox 509 515 680 591; x_wconf 75' lang='lat' dir='ltr'>miserant,</span> <span class='ocrx_word' id='word_1_12' title='bbox 708 514 887 579; x_wconf 85' lang='lat' dir='ltr'>Dumnorix</span> <span class='ocrx_word' id='word_1_13' title='bbox 909 517 1086 600; x_wconf 82' lang='lat' dir='ltr'>praeerat);</span> <span class='ocrx_word' id='word_1_14' title='bbox 1121 535 1230 584; x_wconf 89' lang='lat' dir='ltr'>eorum</span> <span class='ocrx_word' id='word_1_15' title='bbox 1252 517 1329 600; x_wconf 84' lang='lat' dir='ltr'>fuga</span> 
     </span>
     <span class='ocr_line' id='line_1_3' title="bbox 99 621 800 704; baseline -0.003 -18"><span class='ocrx_word' id='word_1_16' title='bbox 99 623 262 704; x_wconf 87' lang='lat' dir='ltr'>reliquum</span> <span class='ocrx_word' id='word_1_17' title='bbox 287 639 357 685; x_wconf 86' lang='lat' dir='ltr'>esse</span> <span class='ocrx_word' id='word_1_18' title='bbox 382 621 562 702; x_wconf 76' lang='lat' dir='ltr'><strong>equitatum</strong></span> <span class='ocrx_word' id='word_1_19' title='bbox 584 621 735 704; x_wconf 78' lang='lat' dir='ltr'>pertenit</span> <span class='ocrx_word' id='word_1_20' title='bbox 792 670 800 684; x_wconf 91' lang='lat'><strong>.</strong></span> 
     </span>
    </p>

    <p class='ocr_par' dir='ltr' id='par_1_3' title="bbox 98 726 1459 2408">
     <span class='ocr_line' id='line_1_4' title="bbox 189 726 1459 811; baseline 0.005 -20"><span class='ocrx_word' id='word_1_21' title='bbox 189 726 316 806; x_wconf 79' lang='lat' dir='ltr'><strong>Quibus</strong></span> <span class='ocrx_word' id='word_1_22' title='bbox 347 727 442 791; x_wconf 90' lang='lat' dir='ltr'>rebus</span> <span class='ocrx_word' id='word_1_23' title='bbox 472 727 623 808; x_wconf 77' lang='lat' dir='ltr'>cognitis,</span> <span class='ocrx_word' id='word_1_24' title='bbox 654 746 727 791; x_wconf 91' lang='lat' dir='ltr'>cum</span> <span class='ocrx_word' id='word_1_25' title='bbox 757 727 798 791; x_wconf 91' lang='lat' dir='ltr'>ad</span> <span class='ocrx_word' id='word_1_26' title='bbox 827 728 886 791; x_wconf 88' lang='lat' dir='ltr'>has</span> <span class='ocrx_word' id='word_1_27' title='bbox 916 728 1110 811; x_wconf 77' lang='lat' dir='ltr'>suspiciones</span> <span class='ocrx_word' id='word_1_28' title='bbox 1134 731 1330 796; x_wconf 88' lang='lat' dir='ltr'>certissimae</span> <span class='ocrx_word' id='word_1_29' title='bbox 1341 735 1386 798; x_wconf 84' lang='lat' dir='ltr'>1a</span> <span class='ocrx_word' id='word_1_30' title='bbox 1456 757 1459 764; x_wconf 46' lang='lat'><em>¹</em></span> 
     </span>
     <span class='ocr_line' id='line_1_5' title="bbox 100 831 1330 916; baseline 0.002 -17"><span class='ocrx_word' id='word_1_31' title='bbox 100 853 150 899; x_wconf 89' lang='lat' dir='ltr'>res</span> <span class='ocrx_word' id='word_1_32' title='bbox 174 832 380 910; x_wconf 88' lang='lat' dir='ltr'>accederent,</span> <span class='ocrx_word' id='word_1_33' title='bbox 405 831 489 914; x_wconf 93' lang='lat' dir='ltr'>quod</span> <span class='ocrx_word' id='word_1_34' title='bbox 511 851 568 916; x_wconf 87' lang='lat' dir='ltr'>per</span> <span class='ocrx_word' id='word_1_35' title='bbox 591 833 670 898; x_wconf 87' lang='lat' dir='ltr'>fines</span> <span class='ocrx_word' id='word_1_36' title='bbox 695 832 917 915; x_wconf 78' lang='lat' dir='ltr'>Sequanorum</span> <span class='ocrx_word' id='word_1_37' title='bbox 939 835 1103 901; x_wconf 92' lang='lat' dir='ltr'>Helvetios</span> <span class='ocrx_word' id='word_1_38' title='bbox 1128 837 1330 916; x_wconf 82' lang='lat' dir='ltr'>traduxisset,</span> 
     </span>
     <span class='ocr_line' id='line_1_6' title="bbox 101 940 1330 1024; baseline 0.002 -18"><span class='ocrx_word' id='word_1_39' title='bbox 101 942 186 1024; x_wconf 87' lang='lat' dir='ltr'>quod</span> <span class='ocrx_word' id='word_1_40' title='bbox 210 940 338 1005; x_wconf 85' lang='lat' dir='ltr'>obsides</span> <span class='ocrx_word' id='word_1_41' title='bbox 362 940 521 1004; x_wconf 89' lang='lat' dir='ltr'>intereos</span> <span class='ocrx_word' id='word_1_42' title='bbox 545 940 666 1004; x_wconf 89' lang='lat' dir='ltr'>dandos</span> <span class='ocrx_word' id='word_1_43' title='bbox 683 942 836 1017; x_wconf 77' lang='lat' dir='ltr'>curasset,</span> <span class='ocrx_word' id='word_1_44' title='bbox 861 941 946 1022; x_wconf 91' lang='lat' dir='ltr'>quod</span> <span class='ocrx_word' id='word_1_45' title='bbox 970 961 1008 1006; x_wconf 89' lang='lat' dir='ltr'>ea</span> <span class='ocrx_word' id='word_1_46' title='bbox 1031 942 1138 1006; x_wconf 91' lang='lat' dir='ltr'>omnia</span> <span class='ocrx_word' id='word_1_47' title='bbox 1159 961 1223 1007; x_wconf 91' lang='lat' dir='ltr'>non</span> <span class='ocrx_word' id='word_1_48' title='bbox 1238 943 1330 1008; x_wconf 93' lang='lat' dir='ltr'>modo</span> 
     </span>
     <span class='ocr_line' id='line_1_7' title="bbox 101 1045 1330 1131; baseline 0.002 -19"><span class='ocrx_word' id='word_1_49' title='bbox 101 1049 226 1112; x_wconf 86' lang='lat' dir='ltr'>iniussu</span> <span class='ocrx_word' id='word_1_50' title='bbox 252 1065 310 1111; x_wconf 90' lang='lat' dir='ltr'>suo</span> <span class='ocrx_word' id='word_1_51' title='bbox 327 1049 360 1111; x_wconf 89' lang='lat' dir='ltr'>et</span> <span class='ocrx_word' id='word_1_52' title='bbox 376 1047 523 1124; x_wconf 72' lang='lat' dir='ltr'>civitatis</span> <span class='ocrx_word' id='word_1_53' title='bbox 547 1045 603 1110; x_wconf 93' lang='lat' dir='ltr'>sed</span> <span class='ocrx_word' id='word_1_54' title='bbox 626 1047 725 1110; x_wconf 89' lang='lat' dir='ltr'>etiarn</span> <span class='ocrx_word' id='word_1_55' title='bbox 747 1047 955 1112; x_wconf 81' lang='lat' dir='ltr'>inscientibus</span> <span class='ocrx_word' id='word_1_56' title='bbox 979 1049 1057 1131; x_wconf 89' lang='lat' dir='ltr'>ipsis</span> <span class='ocrx_word' id='word_1_57' title='bbox 1080 1047 1222 1126; x_wconf 86' lang='lat' dir='ltr'>iecisset,</span> <span class='ocrx_word' id='word_1_58' title='bbox 1247 1049 1330 1131; x_wconf 92' lang='lat' dir='ltr'>quod</span> 
     </span>
     <span class='ocr_line' id='line_1_8' title="bbox 101 1153 1331 1236; baseline 0.002 -18"><span class='ocrx_word' id='word_1_59' title='bbox 101 1153 340 1236; x_wconf 89' lang='lat' dir='ltr'>amagistratu</span> <span class='ocrx_word' id='word_1_60' title='bbox 363 1153 570 1218; x_wconf 83' lang='lat' dir='ltr'>Haeduorum</span> <span class='ocrx_word' id='word_1_61' title='bbox 602 1155 822 1230; x_wconf 87' lang='lat' dir='ltr'>accusaretur,</span> <span class='ocrx_word' id='word_1_62' title='bbox 853 1154 932 1218; x_wconf 86' lang='lat' dir='ltr'>satis</span> <span class='ocrx_word' id='word_1_63' title='bbox 964 1173 1033 1218; x_wconf 91' lang='lat' dir='ltr'>esse</span> <span class='ocrx_word' id='word_1_64' title='bbox 1057 1173 1172 1219; x_wconf 88' lang='lat' dir='ltr'>causae</span> <span class='ocrx_word' id='word_1_65' title='bbox 1197 1156 1331 1220; x_wconf 83' lang='lat' dir='ltr'>arbitra-</span> 
     </span>
     <span class='ocr_line' id='line_1_9' title="bbox 102 1259 1330 1342; baseline 0.002 -18"><span class='ocrx_word' id='word_1_66' title='bbox 102 1262 210 1338; x_wconf 89' lang='lat' dir='ltr'>batur,</span> <span class='ocrx_word' id='word_1_67' title='bbox 237 1277 337 1342; x_wconf 83' lang='lat' dir='ltr'>quare</span> <span class='ocrx_word' id='word_1_68' title='bbox 360 1260 393 1323; x_wconf 92' lang='lat' dir='ltr'>in</span> <span class='ocrx_word' id='word_1_69' title='bbox 417 1279 491 1324; x_wconf 92' lang='lat' dir='ltr'>eum</span> <span class='ocrx_word' id='word_1_70' title='bbox 515 1261 572 1323; x_wconf 91' lang='lat' dir='ltr'>aut</span> <span class='ocrx_word' id='word_1_71' title='bbox 594 1259 662 1342; x_wconf 92' lang='lat' dir='ltr'>ipse</span> <span class='ocrx_word' id='word_1_72' title='bbox 687 1259 971 1338; x_wconf 87' lang='lat' dir='ltr'>animadverteret,</span> <span class='ocrx_word' id='word_1_73' title='bbox 995 1263 1052 1325; x_wconf 90' lang='lat' dir='ltr'>aut</span> <span class='ocrx_word' id='word_1_74' title='bbox 1075 1260 1237 1326; x_wconf 85' lang='lat' dir='ltr'>civitatem</span> <span class='ocrx_word' id='word_1_75' title='bbox 1263 1262 1330 1326; x_wconf 87' lang='lat' dir='ltr'>aui-</span> 
     </span>
     <span class='ocr_line' id='line_1_10' title="bbox 101 1365 1355 1450; baseline -0.003 -18"><span class='ocrx_word' id='word_1_76' title='bbox 101 1366 306 1432; x_wconf 85' lang='lat' dir='ltr'>madvertere</span> <span class='ocrx_word' id='word_1_77' title='bbox 330 1367 462 1430; x_wconf 90' lang='lat' dir='ltr'>iuberet.</span> <span class='ocrx_word' id='word_1_78' title='bbox 508 1365 568 1429; x_wconf 92' lang='lat' dir='ltr'>His</span> <span class='ocrx_word' id='word_1_79' title='bbox 592 1366 739 1430; x_wconf 89' lang='lat' dir='ltr'>omnibus</span> <span class='ocrx_word' id='word_1_80' title='bbox 763 1367 858 1431; x_wconf 88' lang='lat' dir='ltr'>rebus</span> <span class='ocrx_word' id='word_1_81' title='bbox 882 1386 984 1431; x_wconf 91' lang='lat' dir='ltr'>unum</span> <span class='ocrx_word' id='word_1_82' title='bbox 1007 1368 1220 1450; x_wconf 84' lang='lat' dir='ltr'>repugnabat,</span> <span class='ocrx_word' id='word_1_83' title='bbox 1244 1368 1355 1450; x_wconf 83' lang='lat' dir='ltr'>quoda</span> 
     </span>
     <span class='ocr_line' id='line_1_11' title="bbox 101 1471 1330 1556; baseline 0.001 -18"><span class='ocrx_word' id='word_1_84' title='bbox 101 1473 255 1538; x_wconf 89' lang='lat' dir='ltr'>Diviciaci</span> <span class='ocrx_word' id='word_1_85' title='bbox 270 1471 380 1536; x_wconf 83' lang='lat' dir='ltr'>fratris</span> <span class='ocrx_word' id='word_1_86' title='bbox 396 1491 559 1536; x_wconf 89' lang='lat' dir='ltr'>summurn</span> <span class='ocrx_word' id='word_1_87' title='bbox 577 1472 610 1536; x_wconf 92' lang='lat' dir='ltr'>in</span> <span class='ocrx_word' id='word_1_88' title='bbox 633 1473 788 1556; x_wconf 90' lang='lat' dir='ltr'>populum</span> <span class='ocrx_word' id='word_1_89' title='bbox 804 1473 985 1537; x_wconf 89' lang='lat' dir='ltr'>Romanum</span> <span class='ocrx_word' id='word_1_90' title='bbox 1002 1472 1153 1550; x_wconf 89' lang='lat' dir='ltr'>studium,</span> <span class='ocrx_word' id='word_1_91' title='bbox 1169 1493 1330 1539; x_wconf 90' lang='lat' dir='ltr'>summam</span> 
     </span>
     <span class='ocr_line' id='line_1_12' title="bbox 101 1578 1330 1663; baseline 0.001 -19"><span class='ocrx_word' id='word_1_92' title='bbox 101 1583 134 1644; x_wconf 94' lang='lat' dir='ltr'>in</span> <span class='ocrx_word' id='word_1_93' title='bbox 158 1599 192 1644; x_wconf 91' lang='lat' dir='ltr'>se</span> <span class='ocrx_word' id='word_1_94' title='bbox 217 1580 427 1656; x_wconf 85' lang='lat' dir='ltr'>voluntatem,</span> <span class='ocrx_word' id='word_1_95' title='bbox 452 1579 613 1660; x_wconf 86' lang='lat' dir='ltr'>egregiam</span> <span class='ocrx_word' id='word_1_96' title='bbox 628 1578 732 1655; x_wconf 92' lang='lat' dir='ltr'>fidem,</span> <span class='ocrx_word' id='word_1_97' title='bbox 756 1579 922 1656; x_wconf 89' lang='lat' dir='ltr'>iustitiam,</span> <span class='ocrx_word' id='word_1_98' title='bbox 947 1580 1194 1662; x_wconf 86' lang='lat' dir='ltr'>temperantiam</span> <span class='ocrx_word' id='word_1_99' title='bbox 1217 1600 1330 1663; x_wconf 90' lang='lat' dir='ltr'>cogno-</span> 
     </span>
     <span class='ocr_line' id='line_1_13' title="bbox 100 1685 1329 1768; baseline 0 -16"><span class='ocrx_word' id='word_1_100' title='bbox 100 1689 208 1761; x_wconf 83' lang='lat' dir='ltr'>verat3</span> <span class='ocrx_word' id='word_1_101' title='bbox 234 1705 325 1763; x_wconf 90' lang='lat' dir='ltr'>nam,</span> <span class='ocrx_word' id='word_1_102' title='bbox 355 1705 395 1750; x_wconf 90' lang='lat' dir='ltr'>ne</span> <span class='ocrx_word' id='word_1_103' title='bbox 418 1685 487 1749; x_wconf 91' lang='lat' dir='ltr'>eius</span> <span class='ocrx_word' id='word_1_104' title='bbox 512 1685 665 1768; x_wconf 88' lang='lat' dir='ltr'>supplicio</span> <span class='ocrx_word' id='word_1_105' title='bbox 688 1685 841 1749; x_wconf 87' lang='lat' dir='ltr'>Diviciaci</span> <span class='ocrx_word' id='word_1_106' title='bbox 865 1685 1008 1750; x_wconf 88' lang='lat' dir='ltr'>animum</span> <span class='ocrx_word' id='word_1_107' title='bbox 1031 1685 1218 1764; x_wconf 87' lang='lat' dir='ltr'>offenderet,</span> <span class='ocrx_word' id='word_1_108' title='bbox 1241 1706 1329 1752; x_wconf 88' lang='lat' dir='ltr'>vera-</span> 
     </span>
     <span class='ocr_line' id='line_1_14' title="bbox 99 1792 1354 1875; baseline -0.002 -17"><span class='ocrx_word' id='word_1_109' title='bbox 99 1795 205 1858; x_wconf 87' lang='lat' dir='ltr'>batur.</span> <span class='ocrx_word' id='word_1_110' title='bbox 252 1792 368 1873; x_wconf 90' lang='lat' dir='ltr'>Itaque</span> <span class='ocrx_word' id='word_1_111' title='bbox 391 1792 494 1875; x_wconf 88' lang='lat' dir='ltr'>prius,</span> <span class='ocrx_word' id='word_1_112' title='bbox 523 1810 620 1872; x_wconf 88' lang='lat' dir='ltr'>quam</span> <span class='ocrx_word' id='word_1_113' title='bbox 644 1792 818 1873; x_wconf 90' lang='lat' dir='ltr'>quicquam</span> <span class='ocrx_word' id='word_1_114' title='bbox 849 1794 1032 1868; x_wconf 89' lang='lat' dir='ltr'>conaretur,</span> <span class='ocrx_word' id='word_1_115' title='bbox 1061 1792 1260 1858; x_wconf 87' lang='lat' dir='ltr'>Diviciacum</span> <span class='ocrx_word' id='word_1_116' title='bbox 1288 1794 1354 1858; x_wconf 87' lang='lat' dir='ltr'>ada</span> 
     </span>
     <span class='ocr_line' id='line_1_15' title="bbox 100 1898 1329 1981; baseline 0 -17"><span class='ocrx_word' id='word_1_117' title='bbox 100 1920 133 1964; x_wconf 90' lang='lat' dir='ltr'>se</span> <span class='ocrx_word' id='word_1_118' title='bbox 149 1899 261 1964; x_wconf 84' lang='lat' dir='ltr'>vocari</span> <span class='ocrx_word' id='word_1_119' title='bbox 284 1899 373 1962; x_wconf 88' lang='lat' dir='ltr'>iubet</span> <span class='ocrx_word' id='word_1_120' title='bbox 397 1900 429 1962; x_wconf 91' lang='lat' dir='ltr'>et</span> <span class='ocrx_word' id='word_1_121' title='bbox 444 1898 612 1962; x_wconf 91' lang='lat' dir='ltr'>cotidianis</span> <span class='ocrx_word' id='word_1_122' title='bbox 637 1898 863 1980; x_wconf 88' lang='lat' dir='ltr'>interpretibus</span> <span class='ocrx_word' id='word_1_123' title='bbox 879 1899 1009 1962; x_wconf 87' lang='lat' dir='ltr'>remotis</span> <span class='ocrx_word' id='word_1_124' title='bbox 1033 1917 1090 1981; x_wconf 92' lang='lat' dir='ltr'>per</span> <span class='ocrx_word' id='word_1_125' title='bbox 1113 1898 1147 1965; x_wconf 84' lang='lat' dir='ltr'>C.</span> <span class='ocrx_word' id='word_1_126' title='bbox 1163 1899 1329 1964; x_wconf 90' lang='lat' dir='ltr'>Valerium</span> 
     </span>
     <span class='ocr_line' id='line_1_16' title="bbox 98 2003 1330 2088; baseline -0.001 -17"><span class='ocrx_word' id='word_1_127' title='bbox 98 2005 307 2082; x_wconf 85' lang='lat' dir='ltr'>Troucillum,</span> <span class='ocrx_word' id='word_1_128' title='bbox 329 2005 502 2088; x_wconf 86' lang='lat' dir='ltr'>principem</span> <span class='ocrx_word' id='word_1_129' title='bbox 515 2003 638 2069; x_wconf 82' lang='lat' dir='ltr'>Galliae</span> <span class='ocrx_word' id='word_1_130' title='bbox 651 2004 838 2087; x_wconf 84' lang='lat' dir='ltr'>provinciae,</span> <span class='ocrx_word' id='word_1_131' title='bbox 853 2003 1046 2069; x_wconf 83' lang='lat' dir='ltr'>familiarem</span> <span class='ocrx_word' id='word_1_132' title='bbox 1059 2024 1163 2082; x_wconf 88' lang='lat' dir='ltr'>suum,</span> <span class='ocrx_word' id='word_1_133' title='bbox 1176 2005 1227 2070; x_wconf 89' lang='lat' dir='ltr'>oui</span> <span class='ocrx_word' id='word_1_134' title='bbox 1243 2025 1330 2071; x_wconf 90' lang='lat' dir='ltr'>sum·</span> 
     </span>
     <span class='ocr_line' id='line_1_17' title="bbox 98 2110 1353 2193; baseline -0.006 -14"><span class='ocrx_word' id='word_1_135' title='bbox 98 2133 188 2179; x_wconf 89' lang='lat' dir='ltr'>mam</span> <span class='ocrx_word' id='word_1_136' title='bbox 218 2112 362 2175; x_wconf 91' lang='lat' dir='ltr'>omnium</span> <span class='ocrx_word' id='word_1_137' title='bbox 391 2130 500 2175; x_wconf 90' lang='lat' dir='ltr'>rerum</span> <span class='ocrx_word' id='word_1_138' title='bbox 527 2110 624 2175; x_wconf 85' lang='lat' dir='ltr'>fidem</span> <span class='ocrx_word' id='word_1_139' title='bbox 647 2110 799 2187; x_wconf 89' lang='lat' dir='ltr'>habebat,</span> <span class='ocrx_word' id='word_1_140' title='bbox 834 2130 908 2175; x_wconf 91' lang='lat' dir='ltr'>cum</span> <span class='ocrx_word' id='word_1_141' title='bbox 931 2130 967 2175; x_wconf 92' lang='lat' dir='ltr'>eo</span> <span class='ocrx_word' id='word_1_142' title='bbox 991 2112 1197 2193; x_wconf 85' lang='lat' dir='ltr'>colloquitur;</span> <span class='ocrx_word' id='word_1_143' title='bbox 1232 2112 1353 2177; x_wconf 76' lang='lat' dir='ltr'>simula</span> 
     </span>
     <span class='ocr_line' id='line_1_18' title="bbox 98 2216 1329 2300; baseline -0.001 -16"><span class='ocrx_word' id='word_1_144' title='bbox 98 2216 354 2294; x_wconf 75' lang='lat' dir='ltr'>commonefacit,</span> <span class='ocrx_word' id='word_1_145' title='bbox 379 2235 459 2299; x_wconf 90' lang='lat' dir='ltr'>quae</span> <span class='ocrx_word' id='word_1_146' title='bbox 482 2217 551 2300; x_wconf 90' lang='lat' dir='ltr'>ipso</span> <span class='ocrx_word' id='word_1_147' title='bbox 574 2219 741 2299; x_wconf 89' lang='lat' dir='ltr'>praesente</span> <span class='ocrx_word' id='word_1_148' title='bbox 764 2217 798 2279; x_wconf 95' lang='lat' dir='ltr'>in</span> <span class='ocrx_word' id='word_1_149' title='bbox 822 2217 952 2282; x_wconf 90' lang='lat' dir='ltr'>concilio</span> <span class='ocrx_word' id='word_1_150' title='bbox 977 2217 1143 2283; x_wconf 81' lang='lat' dir='ltr'>Gallorum</span> <span class='ocrx_word' id='word_1_151' title='bbox 1166 2218 1329 2296; x_wconf 86' lang='lat' dir='ltr'>deDum-</span> 
     </span>
     <span class='ocr_line' id='line_1_19' title="bbox 98 2322 1329 2408; baseline -0.001 -18"><span class='ocrx_word' id='word_1_152' title='bbox 98 2326 207 2407; x_wconf 91' lang='lat' dir='ltr'>norige</span> <span class='ocrx_word' id='word_1_153' title='bbox 233 2323 408 2400; x_wconf 71' lang='lat' dir='ltr'>antdicte,</span> <span class='ocrx_word' id='word_1_154' title='bbox 432 2325 464 2387; x_wconf 89' lang='lat' dir='ltr'>et</span> <span class='ocrx_word' id='word_1_155' title='bbox 487 2322 636 2399; x_wconf 87' lang='lat' dir='ltr'>ostendit,</span> <span class='ocrx_word' id='word_1_156' title='bbox 660 2341 742 2402; x_wconf 91' lang='lat' dir='ltr'>quae</span> <span class='ocrx_word' id='word_1_157' title='bbox 767 2323 941 2405; x_wconf 88' lang='lat' dir='ltr'>separatim</span> <span class='ocrx_word' id='word_1_158' title='bbox 965 2324 1100 2405; x_wconf 88' lang='lat' dir='ltr'>quisque</span> <span class='ocrx_word' id='word_1_159' title='bbox 1121 2322 1160 2388; x_wconf 89' lang='lat' dir='ltr'>dc</span> <span class='ocrx_word' id='word_1_160' title='bbox 1184 2343 1219 2389; x_wconf 94' lang='lat' dir='ltr'>eo</span> <span class='ocrx_word' id='word_1_161' title='bbox 1243 2325 1329 2408; x_wconf 88' lang='lat' dir='ltr'>apud</span> 
     </span>
    </p>
   </div>
   <div class='ocr_carea' id='block_1_3' title="bbox 93 2586 1330 4507">
    <p class='ocr_par' dir='ltr' id='par_1_4' title="bbox 94 2586 1329 3455">
     <span class='ocr_line' id='line_1_20' title="bbox 169 2586 1329 2659; baseline 0.001 -17"><span class='ocrx_word' id='word_1_162' title='bbox 169 2588 250 2657; x_wconf 68' lang='grc' dir='ltr'><strong>Καρ.</strong></span> <span class='ocrx_word' id='word_1_163' title='bbox 272 2587 320 2643; x_wconf 75' lang='grc'>19.</span> <span class='ocrx_word' id='word_1_164' title='bbox 361 2600 383 2642; x_wconf 88' lang='lat'>1.</span> <span class='ocrx_word' id='word_1_165' title='bbox 419 2589 519 2658; x_wconf 75' lang='lat' dir='ltr'>quibas</span> <span class='ocrx_word' id='word_1_166' title='bbox 536 2589 618 2643; x_wconf 79' lang='lat' dir='ltr'>rebus</span> <span class='ocrx_word' id='word_1_167' title='bbox 636 2587 765 2656; x_wconf 71' lang='lat' dir='ltr'>capnitis]</span> <span class='ocrx_word' id='word_1_168' title='bbox 784 2587 851 2640; x_wconf 88' lang='lat' dir='ltr'>nach</span> <span class='ocrx_word' id='word_1_169' title='bbox 868 2586 929 2642; x_wconf 91' lang='lat' dir='ltr'>Aul.</span> <span class='ocrx_word' id='word_1_170' title='bbox 948 2588 989 2655; x_wconf 87' lang='lat' dir='ltr'>M;</span> <span class='ocrx_word' id='word_1_171' title='bbox 1007 2588 1055 2642; x_wconf 92' lang='lat' dir='ltr'>das</span> <span class='ocrx_word' id='word_1_172' title='bbox 1073 2588 1274 2659; x_wconf 84' lang='lat' dir='ltr'>Hauptverbum</span> <span class='ocrx_word' id='word_1_173' title='bbox 1290 2589 1329 2643; x_wconf 85' lang='lat' dir='ltr'>ist</span> 
     </span>
     <span class='ocr_line' id='line_1_21' title="bbox 95 2675 1326 2746; baseline 0 -14"><span class='ocrx_word' id='word_1_174' title='bbox 95 2678 305 2732; x_wconf 76' lang='lat' dir='ltr'>arbitrabatar.</span> <span class='ocrx_word' id='word_1_175' title='bbox 333 2706 367 2715; x_wconf 91' lang='lat'>—</span> <span class='ocrx_word' id='word_1_176' title='bbox 393 2677 565 2746; x_wconf 66' lang='lat' dir='ltr'>suspiciones</span> <span class='ocrx_word' id='word_1_177' title='bbox 591 2717 651 2731; x_wconf 91' lang='lat'>...</span> <span class='ocrx_word' id='word_1_178' title='bbox 679 2677 734 2745; x_wconf 76' lang='lat' dir='ltr'>reo]</span> <span class='ocrx_word' id='word_1_179' title='bbox 760 2675 1025 2745; x_wconf 81' lang='lat' dir='ltr'>„Vardacbtsgriinde</span> <span class='ocrx_word' id='word_1_180' title='bbox 1044 2718 1051 2732; x_wconf 90' lang='lat'><strong>.</strong></span> <span class='ocrx_word' id='word_1_181' title='bbox 1072 2718 1078 2731; x_wconf 89' lang='lat'><strong>.</strong></span> <span class='ocrx_word' id='word_1_182' title='bbox 1099 2719 1105 2732; x_wconf 91' lang='lat'>.</span> <span class='ocrx_word' id='word_1_183' title='bbox 1124 2678 1326 2745; x_wconf 83' lang='lat' dir='ltr'>Tbatsaohen“;</span> 
     </span>
     <span class='ocr_line' id='line_1_22' title="bbox 96 2764 1327 2835; baseline 0.001 -15"><span class='ocrx_word' id='word_1_184' title='bbox 96 2767 209 2821; x_wconf 81' lang='lat' dir='ltr'>lctzteno</span> <span class='ocrx_word' id='word_1_185' title='bbox 228 2765 333 2820; x_wconf 86' lang='lat' dir='ltr'>worden</span> <span class='ocrx_word' id='word_1_186' title='bbox 350 2765 401 2819; x_wconf 91' lang='lat' dir='ltr'>mit</span> <span class='ocrx_word' id='word_1_187' title='bbox 419 2765 492 2835; x_wconf 77' lang='lat' dir='ltr'>qaod</span> <span class='ocrx_word' id='word_1_188' title='bbox 511 2766 669 2834; x_wconf 80' lang='lat' dir='ltr'>eingcfiihrt.</span> <span class='ocrx_word' id='word_1_189' title='bbox 689 2793 723 2803; x_wconf 88' lang='lat'>-</span> <span class='ocrx_word' id='word_1_190' title='bbox 741 2766 817 2819; x_wconf 72' lang='lat' dir='ltr'>tates</span> <span class='ocrx_word' id='word_1_191' title='bbox 835 2780 863 2819; x_wconf 82' lang='lat' dir='ltr'>aa</span> <span class='ocrx_word' id='word_1_192' title='bbox 881 2764 961 2833; x_wconf 77' lang='lat' dir='ltr'>dore]</span> <span class='ocrx_word' id='word_1_193' title='bbox 981 2766 1207 2832; x_wconf 86' lang='lat' dir='ltr'>„austauschen“.</span> <span class='ocrx_word' id='word_1_194' title='bbox 1226 2797 1260 2806; x_wconf 88' lang='lat'><em>-</em></span> <span class='ocrx_word' id='word_1_195' title='bbox 1280 2783 1327 2821; x_wconf 84' lang='lat' dir='ltr'>cu·</span> 
     </span>
     <span class='ocr_line' id='line_1_23' title="bbox 94 2853 1326 2925; baseline -0.002 -15"><span class='ocrx_word' id='word_1_196' title='bbox 94 2854 173 2923; x_wconf 73' lang='lat' dir='ltr'>rare]</span> <span class='ocrx_word' id='word_1_197' title='bbox 192 2855 260 2925; x_wconf 84' lang='lat' dir='ltr'>Kap.</span> <span class='ocrx_word' id='word_1_198' title='bbox 272 2855 314 2921; x_wconf 88' lang='lat'>13,</span> <span class='ocrx_word' id='word_1_199' title='bbox 326 2855 355 2921; x_wconf 81' lang='lat'>13</span> <span class='ocrx_word' id='word_1_200' title='bbox 374 2855 508 2909; x_wconf 84' lang='lat' dir='ltr'>iibersetro</span> <span class='ocrx_word' id='word_1_201' title='bbox 526 2854 591 2908; x_wconf 91' lang='lat' dir='ltr'>hier·</span> <span class='ocrx_word' id='word_1_202' title='bbox 602 2855 652 2909; x_wconf 89' lang='lat' dir='ltr'>mit</span> <span class='ocrx_word' id='word_1_203' title='bbox 671 2855 827 2922; x_wconf 73' lang='lat' dir='ltr'>„bosorgem</span> <span class='ocrx_word' id='word_1_204' title='bbox 847 2854 1034 2921; x_wconf 85' lang='lat' dir='ltr'>vermitteln“;</span> <span class='ocrx_word' id='word_1_205' title='bbox 1054 2854 1123 2908; x_wconf 90' lang='lat' dir='ltr'>beim</span> <span class='ocrx_word' id='word_1_206' title='bbox 1137 2853 1234 2923; x_wconf 87' lang='lat' dir='ltr'>Objekt</span> <span class='ocrx_word' id='word_1_207' title='bbox 1253 2855 1326 2922; x_wconf 79' lang='lat' dir='ltr'>decu,</span> 
     </span>
     <span class='ocr_line' id='line_1_24' title="bbox 95 2942 1326 3013; baseline -0.002 -13"><span class='ocrx_word' id='word_1_208' title='bbox 95 2945 204 3000; x_wconf 76' lang='lat' dir='ltr'>obsides</span> <span class='ocrx_word' id='word_1_209' title='bbox 223 2943 346 3011; x_wconf 74' lang='lat' dir='ltr'>dandos,</span> <span class='ocrx_word' id='word_1_210' title='bbox 363 2943 454 2998; x_wconf 83' lang='lat' dir='ltr'>macho</span> <span class='ocrx_word' id='word_1_211' title='bbox 472 2943 522 2997; x_wconf 88' lang='lat' dir='ltr'>den</span> <span class='ocrx_word' id='word_1_212' title='bbox 540 2943 735 3013; x_wconf 84' lang='lat' dir='ltr'>Verbalbogriff</span> <span class='ocrx_word' id='word_1_213' title='bbox 750 2961 809 2996; x_wconf 82' lang='lat' dir='ltr'>zum</span> <span class='ocrx_word' id='word_1_214' title='bbox 826 2943 1040 2997; x_wconf 88' lang='lat' dir='ltr'>Substantivum!</span> <span class='ocrx_word' id='word_1_215' title='bbox 1065 2971 1099 2981; x_wconf 97' lang='lat'>-</span> <span class='ocrx_word' id='word_1_216' title='bbox 1127 2942 1239 2998; x_wconf 69' lang='lat' dir='ltr'>intumo</span> <span class='ocrx_word' id='word_1_217' title='bbox 1256 2942 1326 3011; x_wconf 82' lang='lat' dir='ltr'>mco]</span> 
     </span>
     <span class='ocr_line' id='line_1_25' title="bbox 97 3030 1327 3101; baseline -0.002 -14"><span class='ocrx_word' id='word_1_218' title='bbox 97 3034 190 3100; x_wconf 86' lang='lat' dir='ltr'>„ohne</span> <span class='ocrx_word' id='word_1_219' title='bbox 207 3032 302 3088; x_wconf 84' lang='lat' dir='ltr'>Belehl</span> <span class='ocrx_word' id='word_1_220' title='bbox 320 3049 370 3086; x_wconf 87' lang='lat' dir='ltr'>von</span> <span class='ocrx_word' id='word_1_221' title='bbox 387 3032 478 3099; x_wconf 86' lang='lat' dir='ltr'>mir“;</span> <span class='ocrx_word' id='word_1_222' title='bbox 505 3033 572 3086; x_wconf 89' lang='lat' dir='ltr'>auch</span> <span class='ocrx_word' id='word_1_223' title='bbox 590 3033 774 3088; x_wconf 63' lang='lat' dir='ltr'>aromatibus</span> <span class='ocrx_word' id='word_1_224' title='bbox 791 3033 863 3101; x_wconf 73' lang='lat' dir='ltr'>ipsis</span> <span class='ocrx_word' id='word_1_225' title='bbox 880 3031 939 3100; x_wconf 86' lang='lat' dir='ltr'>gisb</span> <span class='ocrx_word' id='word_1_226' title='bbox 959 3030 1042 3084; x_wconf 85' lang='lat' dir='ltr'>durch</span> <span class='ocrx_word' id='word_1_227' title='bbox 1061 3030 1170 3098; x_wconf 85' lang='lat' dir='ltr'>„ohne“</span> <span class='ocrx_word' id='word_1_228' title='bbox 1190 3031 1243 3084; x_wconf 91' lang='lat' dir='ltr'>und</span> <span class='ocrx_word' id='word_1_229' title='bbox 1262 3030 1327 3084; x_wconf 82' lang='lat' dir='ltr'>Sub-</span> 
     </span>
     <span class='ocr_line' id='line_1_26' title="bbox 96 3118 1328 3189; baseline -0.002 -13"><span class='ocrx_word' id='word_1_230' title='bbox 96 3122 212 3176; x_wconf 83' lang='lat' dir='ltr'>stantir!</span> <span class='ocrx_word' id='word_1_231' title='bbox 233 3151 268 3160; x_wconf 92' lang='lat'>-·</span> <span class='ocrx_word' id='word_1_232' title='bbox 286 3122 355 3176; x_wconf 78' lang='lat' dir='ltr'>satia</span> <span class='ocrx_word' id='word_1_233' title='bbox 373 3126 413 3175; x_wconf 82' lang='lat' dir='ltr'>est</span> <span class='ocrx_word' id='word_1_234' title='bbox 431 3120 543 3189; x_wconf 76' lang='lat' dir='ltr'>coccae]</span> <span class='ocrx_word' id='word_1_235' title='bbox 564 3163 579 3188; x_wconf 92' lang='lat'><strong>„</strong></span> <span class='ocrx_word' id='word_1_236' title='bbox 588 3138 616 3175; x_wconf 85' lang='lat' dir='ltr'>es</span> <span class='ocrx_word' id='word_1_237' title='bbox 630 3122 668 3175; x_wconf 91' lang='lat' dir='ltr'>ist</span> <span class='ocrx_word' id='word_1_238' title='bbox 682 3118 774 3176; x_wconf 87' lang='lat' dir='ltr'>Grund</span> <span class='ocrx_word' id='word_1_239' title='bbox 788 3137 876 3189; x_wconf 87' lang='lat' dir='ltr'>genug</span> <span class='ocrx_word' id='word_1_240' title='bbox 889 3119 1081 3187; x_wconf 85' lang='lat' dir='ltr'>(vorbanden)“</span> <span class='ocrx_word' id='word_1_241' title='bbox 1089 3141 1096 3186; x_wconf 89' lang='lat'>;</span> <span class='ocrx_word' id='word_1_242' title='bbox 1115 3119 1206 3173; x_wconf 81' lang='lat' dir='ltr'>woau?</span> <span class='ocrx_word' id='word_1_243' title='bbox 1220 3119 1257 3173; x_wconf 88' lang='lat' dir='ltr'>ist</span> <span class='ocrx_word' id='word_1_244' title='bbox 1270 3119 1328 3174; x_wconf 91' lang='lat' dir='ltr'>hicr</span> 
     </span>
     <span class='ocr_line' id='line_1_27' title="bbox 97 3207 1327 3278; baseline -0.001 -14"><span class='ocrx_word' id='word_1_245' title='bbox 97 3210 147 3264; x_wconf 91' lang='lat' dir='ltr'>mit</span> <span class='ocrx_word' id='word_1_246' title='bbox 165 3225 253 3278; x_wconf 73' lang='lat' dir='ltr'>quare</span> <span class='ocrx_word' id='word_1_247' title='bbox 272 3209 436 3277; x_wconf 84' lang='lat' dir='ltr'>eingeleitet;</span> <span class='ocrx_word' id='word_1_248' title='bbox 460 3209 521 3263; x_wconf 85' lang='lat' dir='ltr'>wir</span> <span class='ocrx_word' id='word_1_249' title='bbox 538 3210 672 3264; x_wconf 88' lang='lat' dir='ltr'>brauchen</span> <span class='ocrx_word' id='word_1_250' title='bbox 691 3227 759 3277; x_wconf 89' lang='lat' dir='ltr'>„um</span> <span class='ocrx_word' id='word_1_251' title='bbox 840 3210 894 3262; x_wconf 85' lang='lat' dir='ltr'>zu“</span> <span class='ocrx_word' id='word_1_252' title='bbox 913 3208 963 3261; x_wconf 81' lang='lat' dir='ltr'>mic</span> <span class='ocrx_word' id='word_1_253' title='bbox 980 3207 1105 3263; x_wconf 74' lang='lat' dir='ltr'>Infinitiu</span> <span class='ocrx_word' id='word_1_254' title='bbox 1134 3238 1169 3246; x_wconf 93' lang='lat'><em>-</em></span> <span class='ocrx_word' id='word_1_255' title='bbox 1197 3207 1327 3263; x_wconf 74' lang='lat' dir='ltr'>animad-</span> 
     </span>
     <span class='ocr_line' id='line_1_28' title="bbox 97 3297 1327 3367; baseline -0.002 -15"><span class='ocrx_word' id='word_1_256' title='bbox 97 3305 202 3354; x_wconf 77' lang='lat' dir='ltr'>vertere</span> <span class='ocrx_word' id='word_1_257' title='bbox 225 3298 258 3352; x_wconf 70' lang='lat' dir='ltr'>aba</span> <span class='ocrx_word' id='word_1_258' title='bbox 281 3297 365 3367; x_wconf 66' lang='grc' dir='ltr'><strong>αῑῳη]</strong></span> <span class='ocrx_word' id='word_1_259' title='bbox 392 3313 496 3366; x_wconf 87' lang='lat' dir='ltr'>„gagen</span> <span class='ocrx_word' id='word_1_260' title='bbox 517 3297 580 3367; x_wconf 88' lang='lat' dir='ltr'>jem.</span> <span class='ocrx_word' id='word_1_261' title='bbox 606 3298 817 3365; x_wconf 85' lang='lat' dir='ltr'>einscbrsiten“;</span> <span class='ocrx_word' id='word_1_262' title='bbox 843 3299 925 3351; x_wconf 84' lang='lat' dir='ltr'>statt-</span> <span class='ocrx_word' id='word_1_263' title='bbox 938 3297 1023 3350; x_wconf 83' lang='lat' dir='ltr'>diceas</span> <span class='ocrx_word' id='word_1_264' title='bbox 1040 3297 1118 3350; x_wconf 88' lang='lat' dir='ltr'>Wort</span> <span class='ocrx_word' id='word_1_265' title='bbox 1135 3297 1172 3351; x_wconf 91' lang='lat' dir='ltr'>im</span> <span class='ocrx_word' id='word_1_266' title='bbox 1189 3297 1327 3364; x_wconf 85' lang='lat' dir='ltr'>folgenden</span> 
     </span>
     <span class='ocr_line' id='line_1_29' title="bbox 95 3386 764 3455; baseline 0 -15"><span class='ocrx_word' id='word_1_267' title='bbox 95 3386 158 3440; x_wconf 84' lang='lat' dir='ltr'>Satz</span> <span class='ocrx_word' id='word_1_268' title='bbox 178 3405 210 3440; x_wconf 87' lang='lat' dir='ltr'>zu</span> <span class='ocrx_word' id='word_1_269' title='bbox 229 3386 410 3453; x_wconf 88' lang='lat' dir='ltr'>wiederbolan,</span> <span class='ocrx_word' id='word_1_270' title='bbox 430 3403 510 3455; x_wconf 85' lang='lat' dir='ltr'>sagon</span> <span class='ocrx_word' id='word_1_271' title='bbox 529 3386 577 3440; x_wconf 84' lang='lat' dir='ltr'>wir</span> <span class='ocrx_word' id='word_1_272' title='bbox 594 3387 663 3441; x_wconf 86' lang='lat' dir='ltr'>blois</span> <span class='ocrx_word' id='word_1_273' title='bbox 682 3387 764 3454; x_wconf 86' lang='lat' dir='ltr'>„es“.</span> 
     </span>
    </p>

    <p class='ocr_par' dir='ltr' id='par_1_5' title="bbox 94 3473 1327 3896">
     <span class='ocr_line' id='line_1_30' title="bbox 171 3473 1327 3544; baseline 0 -16"><span class='ocrx_word' id='word_1_274' title='bbox 171 3486 195 3529; x_wconf 84' lang='lat'>2.</span> <span class='ocrx_word' id='word_1_275' title='bbox 214 3475 260 3531; x_wconf 75' lang='lat' dir='ltr'>bie</span> <span class='ocrx_word' id='word_1_276' title='bbox 339 3473 431 3543; x_wconf 61' lang='grc' dir='ltr'><strong>τῶνε]</strong></span> <span class='ocrx_word' id='word_1_277' title='bbox 457 3475 567 3528; x_wconf 85' lang='lat' dir='ltr'>vertritt</span> <span class='ocrx_word' id='word_1_278' title='bbox 589 3475 641 3528; x_wconf 92' lang='lat' dir='ltr'>den</span> <span class='ocrx_word' id='word_1_279' title='bbox 658 3475 739 3528; x_wconf 82' lang='lat' dir='ltr'>Dativ</span> <span class='ocrx_word' id='word_1_280' title='bbox 765 3475 810 3529; x_wconf 85' lang='lat' dir='ltr'>des</span> <span class='ocrx_word' id='word_1_281' title='bbox 828 3475 974 3530; x_wconf 83' lang='lat' dir='ltr'>Neutrums</span> <span class='ocrx_word' id='word_1_282' title='bbox 996 3475 1070 3531; x_wconf 83' lang='lat' dir='ltr'>baec.</span> <span class='ocrx_word' id='word_1_283' title='bbox 1096 3504 1133 3513; x_wconf 92' lang='lat'>-</span> <span class='ocrx_word' id='word_1_284' title='bbox 1158 3474 1327 3544; x_wconf 63' lang='lat' dir='ltr'>repraestare}</span> 
     </span>
     <span class='ocr_line' id='line_1_31' title="bbox 97 3562 1327 3632; baseline 0.002 -16"><span class='ocrx_word' id='word_1_285' title='bbox 97 3563 377 3632; x_wconf 85' lang='lat' dir='ltr'>‚,entgegeustehcn“.</span> <span class='ocrx_word' id='word_1_286' title='bbox 395 3598 432 3608; x_wconf 89' lang='lat'><em>-</em></span> <span class='ocrx_word' id='word_1_287' title='bbox 449 3563 594 3618; x_wconf 78' lang='lat' dir='ltr'>Diviciaci</span> <span class='ocrx_word' id='word_1_288' title='bbox 611 3562 724 3630; x_wconf 64' lang='lat' dir='ltr'>fratem]</span> <span class='ocrx_word' id='word_1_289' title='bbox 742 3564 781 3617; x_wconf 83' lang='lat' dir='ltr'>ist</span> <span class='ocrx_word' id='word_1_290' title='bbox 799 3562 910 3618; x_wconf 83' lang='lat' dir='ltr'>Genetiv</span> <span class='ocrx_word' id='word_1_291' title='bbox 927 3581 977 3617; x_wconf 91' lang='lat' dir='ltr'>von</span> <span class='ocrx_word' id='word_1_292' title='bbox 995 3563 1162 3618; x_wconf 77' lang='lat' dir='ltr'>Diviciacus</span> <span class='ocrx_word' id='word_1_293' title='bbox 1179 3562 1276 3628; x_wconf 65' lang='lat' dir='ltr'>tibica</span> <span class='ocrx_word' id='word_1_294' title='bbox 1292 3592 1327 3602; x_wconf 91' lang='lat'>—</span> 
     </span>
     <span class='ocr_line' id='line_1_32' title="bbox 94 3650 1326 3721; baseline -0.003 -13"><span class='ocrx_word' id='word_1_295' title='bbox 94 3650 234 3721; x_wconf 71' lang='lat' dir='ltr'>sardium]</span> <span class='ocrx_word' id='word_1_296' title='bbox 254 3651 581 3719; x_wconf 85' lang='lat' dir='ltr'>,‚Dienstbediesenheit“.</span> <span class='ocrx_word' id='word_1_297' title='bbox 601 3681 635 3690; x_wconf 91' lang='lat'>—</span> <span class='ocrx_word' id='word_1_298' title='bbox 653 3653 793 3720; x_wconf 69' lang='lat' dir='ltr'>colanias]</span> <span class='ocrx_word' id='word_1_299' title='bbox 814 3652 999 3720; x_wconf 71' lang='lat' dir='ltr'>„Zuneigung</span> <span class='ocrx_word' id='word_1_300' title='bbox 1018 3651 1271 3720; x_wconf 77' lang='lat' dir='ltr'>Anbdnglicblreit“.</span> <span class='ocrx_word' id='word_1_301' title='bbox 1292 3680 1326 3691; x_wconf 97' lang='lat'>-</span> 
     </span>
     <span class='ocr_line' id='line_1_33' title="bbox 95 3739 1327 3810; baseline -0.002 -15"><span class='ocrx_word' id='word_1_302' title='bbox 95 3741 233 3810; x_wconf 68' lang='lat' dir='ltr'>egregias]</span> <span class='ocrx_word' id='word_1_303' title='bbox 254 3782 269 3807; x_wconf 95' lang='lat'><strong>„</strong></span> <span class='ocrx_word' id='word_1_304' title='bbox 278 3741 362 3795; x_wconf 80' lang='lat' dir='ltr'>salton</span> <span class='ocrx_word' id='word_1_305' title='bbox 369 3742 394 3795; x_wconf 85' lang='lat'>“.</span> <span class='ocrx_word' id='word_1_306' title='bbox 412 3777 449 3786; x_wconf 96' lang='lat'><em>-</em></span> <span class='ocrx_word' id='word_1_307' title='bbox 472 3740 669 3810; x_wconf 67' lang='lat' dir='ltr'>temperacula]</span> <span class='ocrx_word' id='word_1_308' title='bbox 688 3741 846 3808; x_wconf 83' lang='lat' dir='ltr'>„maierolle</span> <span class='ocrx_word' id='word_1_309' title='bbox 863 3740 1016 3809; x_wconf 87' lang='lat' dir='ltr'>Haltung“.</span> <span class='ocrx_word' id='word_1_310' title='bbox 1036 3769 1070 3778; x_wconf 89' lang='lat'>—</span> <span class='ocrx_word' id='word_1_311' title='bbox 1094 3739 1239 3806; x_wconf 74' lang='lat' dir='ltr'>offendere]</span> <span class='ocrx_word' id='word_1_312' title='bbox 1259 3756 1327 3807; x_wconf 83' lang='lat' dir='ltr'>„an-</span> 
     </span>
     <span class='ocr_line' id='line_1_34' title="bbox 96 3829 947 3896; baseline -0.001 -13"><span class='ocrx_word' id='word_1_313' title='bbox 96 3829 199 3884; x_wconf 86' lang='lat' dir='ltr'>stoisen</span> <span class='ocrx_word' id='word_1_314' title='bbox 216 3829 268 3896; x_wconf 89' lang='lat' dir='ltr'>boi,</span> <span class='ocrx_word' id='word_1_315' title='bbox 286 3829 440 3896; x_wconf 76' lang='lat' dir='ltr'>briulen“;</span> <span class='ocrx_word' id='word_1_316' title='bbox 459 3847 492 3884; x_wconf 85' lang='lat' dir='ltr'>zu</span> <span class='ocrx_word' id='word_1_317' title='bbox 509 3829 652 3886; x_wconf 66' lang='lat' dir='ltr'>Diviciwi</span> <span class='ocrx_word' id='word_1_318' title='bbox 669 3830 780 3885; x_wconf 74' lang='lat' dir='ltr'>abimus</span> <span class='ocrx_word' id='word_1_319' title='bbox 799 3846 820 3884; x_wconf 86' lang='lat' dir='ltr'>s.</span> <span class='ocrx_word' id='word_1_320' title='bbox 838 3829 899 3884; x_wconf 83' lang='lat' dir='ltr'>Anl.</span> <span class='ocrx_word' id='word_1_321' title='bbox 918 3829 947 3882; x_wconf 88' lang='lat' dir='ltr'>T.</span> 
     </span>
    </p>

    <p class='ocr_par' dir='ltr' id='par_1_6' title="bbox 95 3915 1328 4163">
     <span class='ocr_line' id='line_1_35' title="bbox 171 3915 1328 3986; baseline -0.003 -13"><span class='ocrx_word' id='word_1_322' title='bbox 171 3931 194 3973; x_wconf 83' lang='lat' dir='ltr'>a.</span> <span class='ocrx_word' id='word_1_323' title='bbox 213 3918 322 3986; x_wconf 77' lang='lat' dir='ltr'>itaque]</span> <span class='ocrx_word' id='word_1_324' title='bbox 334 3919 412 3972; x_wconf 77' lang='lat' dir='ltr'>&#39;riche</span> <span class='ocrx_word' id='word_1_325' title='bbox 430 3919 458 3972; x_wconf 88' lang='lat' dir='ltr'>in</span> <span class='ocrx_word' id='word_1_326' title='bbox 477 3918 528 3973; x_wconf 92' lang='lat' dir='ltr'>den</span> <span class='ocrx_word' id='word_1_327' title='bbox 541 3918 704 3973; x_wconf 80' lang='lat' dir='ltr'>Nebensatz!</span> <span class='ocrx_word' id='word_1_328' title='bbox 724 3948 758 3956; x_wconf 94' lang='lat'><strong>—</strong></span> <span class='ocrx_word' id='word_1_329' title='bbox 773 3934 826 3986; x_wconf 80' lang='lat' dir='ltr'>par</span> <span class='ocrx_word' id='word_1_330' title='bbox 836 3958 842 3972; x_wconf 94' lang='lat'>.</span> <span class='ocrx_word' id='word_1_331' title='bbox 852 3957 859 3972; x_wconf 89' lang='lat'><strong>.</strong></span> <span class='ocrx_word' id='word_1_332' title='bbox 871 3959 876 3971; x_wconf 95' lang='lat'><strong>.</strong></span> <span class='ocrx_word' id='word_1_333' title='bbox 888 3915 1070 3985; x_wconf 76' lang='lat' dir='ltr'>Trocoillmn]</span> <span class='ocrx_word' id='word_1_334' title='bbox 1086 3916 1185 3984; x_wconf 82' lang='lat' dir='ltr'>gehdrt</span> <span class='ocrx_word' id='word_1_335' title='bbox 1201 3916 1276 3969; x_wconf 88' lang='lat' dir='ltr'>nicht</span> <span class='ocrx_word' id='word_1_336' title='bbox 1294 3933 1328 3969; x_wconf 86' lang='lat' dir='ltr'>ru</span> 
     </span>
     <span class='ocr_line' id='line_1_36' title="bbox 95 4003 1327 4076; baseline -0.002 -15"><span class='ocrx_word' id='word_1_337' title='bbox 95 4007 206 4062; x_wconf 73' lang='lat' dir='ltr'>remotis</span> <span class='ocrx_word' id='word_1_338' title='bbox 231 4007 390 4074; x_wconf 87' lang='lat' dir='ltr'>(„abtreten</span> <span class='ocrx_word' id='word_1_339' title='bbox 414 4007 545 4076; x_wconf 86' lang='lat' dir='ltr'>lassen“).</span> <span class='ocrx_word' id='word_1_340' title='bbox 574 4037 608 4047; x_wconf 95' lang='lat'><em>-</em></span> <span class='ocrx_word' id='word_1_341' title='bbox 635 4024 770 4063; x_wconf 77' lang='lat' dir='ltr'>summam</span> <span class='ocrx_word' id='word_1_342' title='bbox 792 4006 875 4074; x_wconf 69' lang='lat' dir='ltr'>fidam</span> <span class='ocrx_word' id='word_1_343' title='bbox 898 4007 998 4062; x_wconf 81' lang='lat' dir='ltr'>babere</span> <span class='ocrx_word' id='word_1_344' title='bbox 1022 4004 1119 4072; x_wconf 63' lang='lat' dir='ltr'>abac]</span> <span class='ocrx_word' id='word_1_345' title='bbox 1146 4003 1226 4073; x_wconf 83' lang='lat' dir='ltr'>„jem</span> <span class='ocrx_word' id='word_1_346' title='bbox 1245 4004 1327 4059; x_wconf 88' lang='lat' dir='ltr'>volles</span> 
     </span>
     <span class='ocr_line' id='line_1_37' title="bbox 95 4094 1030 4163; baseline 0.001 -14"><span class='ocrx_word' id='word_1_347' title='bbox 95 4095 246 4149; x_wconf 83' lang='lat' dir='ltr'>Vertrausn</span> <span class='ocrx_word' id='word_1_348' title='bbox 264 4095 431 4162; x_wconf 85' lang='lat' dir='ltr'>schcnken“;</span> <span class='ocrx_word' id='word_1_349' title='bbox 451 4095 553 4150; x_wconf 81' lang='lat' dir='ltr'>werin?</span> <span class='ocrx_word' id='word_1_350' title='bbox 571 4097 609 4150; x_wconf 87' lang='lat' dir='ltr'>iet</span> <span class='ocrx_word' id='word_1_351' title='bbox 626 4096 684 4150; x_wconf 85' lang='lat' dir='ltr'>hier</span> <span class='ocrx_word' id='word_1_352' title='bbox 702 4096 738 4150; x_wconf 88' lang='lat' dir='ltr'>im</span> <span class='ocrx_word' id='word_1_353' title='bbox 757 4094 869 4151; x_wconf 83' lang='lat' dir='ltr'>Genetiv</span> <span class='ocrx_word' id='word_1_354' title='bbox 886 4094 1030 4163; x_wconf 85' lang='lat' dir='ltr'>beigefi&#39;igt.</span> 
     </span>
    </p>

    <p class='ocr_par' dir='ltr' id='par_1_7' title="bbox 93 4181 1330 4472">
     <span class='ocr_line' id='line_1_38' title="bbox 168 4181 1328 4252; baseline -0.003 -14"><span class='ocrx_word' id='word_1_355' title='bbox 168 4197 193 4238; x_wconf 77' lang='lat'>4.</span> <span class='ocrx_word' id='word_1_356' title='bbox 213 4184 308 4252; x_wconf 71' lang='lat' dir='ltr'>simul]</span> <span class='ocrx_word' id='word_1_357' title='bbox 323 4184 460 4239; x_wconf 84' lang='lat' dir='ltr'>verbiudet</span> <span class='ocrx_word' id='word_1_358' title='bbox 480 4185 689 4252; x_wconf 75' lang='lat' dir='ltr'>commonefacio</span> <span class='ocrx_word' id='word_1_359' title='bbox 770 4189 795 4238; x_wconf 82' lang='lat' dir='ltr'>ct</span> <span class='ocrx_word' id='word_1_360' title='bbox 813 4183 943 4240; x_wconf 70' lang='lat' dir='ltr'>mandit.</span> <span class='ocrx_word' id='word_1_361' title='bbox 963 4212 997 4222; x_wconf 89' lang='lat'>—</span> <span class='ocrx_word' id='word_1_362' title='bbox 1015 4181 1253 4249; x_wconf 80' lang='lat' dir='ltr'>commonefacere]</span> <span class='ocrx_word' id='word_1_363' title='bbox 1272 4197 1328 4249; x_wconf 85' lang='lat' dir='ltr'>„ru</span> 
     </span>
     <span class='ocr_line' id='line_1_39' title="bbox 95 4269 1330 4343; baseline -0.004 -16"><span class='ocrx_word' id='word_1_364' title='bbox 95 4273 231 4327; x_wconf 81' lang='lat' dir='ltr'>bodcnken</span> <span class='ocrx_word' id='word_1_365' title='bbox 248 4273 341 4340; x_wconf 86' lang='lat' dir='ltr'>geben,</span> <span class='ocrx_word' id='word_1_366' title='bbox 360 4273 531 4329; x_wconf 85' lang='lat' dir='ltr'>vorstellen“.</span> <span class='ocrx_word' id='word_1_367' title='bbox 551 4303 586 4312; x_wconf 92' lang='lat'>—</span> <span class='ocrx_word' id='word_1_368' title='bbox 604 4273 666 4342; x_wconf 80' lang='lat' dir='ltr'>ipso</span> <span class='ocrx_word' id='word_1_369' title='bbox 679 4273 835 4342; x_wconf 79' lang='lat' dir='ltr'>praesente]</span> <span class='ocrx_word' id='word_1_370' title='bbox 855 4272 1021 4343; x_wconf 87' lang='lat' dir='ltr'>Kap.18,1.</span> <span class='ocrx_word' id='word_1_371' title='bbox 1041 4298 1075 4309; x_wconf 94' lang='grc'>·-</span> <span class='ocrx_word' id='word_1_372' title='bbox 1094 4269 1245 4336; x_wconf 75' lang='lat' dir='ltr'>osiacdere]</span> <span class='ocrx_word' id='word_1_373' title='bbox 1265 4285 1330 4336; x_wconf 89' lang='lat' dir='ltr'>„er-</span> 
     </span>
     <span class='ocr_line' id='line_1_40' title="bbox 93 4357 1329 4472; baseline -0.002 -56"><span class='ocrx_word' id='word_1_374' title='bbox 93 4361 190 4472; x_wconf 60' lang='lat' dir='ltr'>odpen,</span> <span class='ocrx_word' id='word_1_375' title='bbox 200 4361 335 4430; x_wconf 82' lang='lat' dir='ltr'>darlegon,</span> <span class='ocrx_word' id='word_1_376' title='bbox 344 4361 504 4416; x_wconf 85' lang='lat' dir='ltr'>mitteiien“.</span> <span class='ocrx_word' id='word_1_377' title='bbox 520 4391 554 4402; x_wconf 92' lang='lat'><em>-</em></span> <span class='ocrx_word' id='word_1_378' title='bbox 568 4359 973 4431; x_wconf 69' lang='lat' dir='ltr'>scpocotim1=occretaKap</span> <span class='ocrx_word' id='word_1_379' title='bbox 985 4359 1026 4427; x_wconf 88' lang='lat'>18,</span> <span class='ocrx_word' id='word_1_380' title='bbox 1036 4359 1062 4414; x_wconf 81' lang='lat'>2.</span> <span class='ocrx_word' id='word_1_381' title='bbox 1077 4387 1111 4398; x_wconf 90' lang='lat'>—</span> <span class='ocrx_word' id='word_1_382' title='bbox 1126 4357 1216 4427; x_wconf 75' lang='lat' dir='ltr'>apud]</span> <span class='ocrx_word' id='word_1_383' title='bbox 1227 4357 1329 4425; x_wconf 87' lang='lat' dir='ltr'>„vor“.</span> 
     </span>
    </p>

    <p class='ocr_par' dir='ltr' id='par_1_8' title="bbox 147 4447 1112 4507">
     <span class='ocr_line' id='line_1_41' title="bbox 147 4447 1112 4507; baseline -0.002 -3"><span class='ocrx_word' id='word_1_384' title='bbox 147 4451 206 4506; x_wconf 79' lang='lat' dir='ltr'>Ion.</span> <span class='ocrx_word' id='word_1_385' title='bbox 221 4447 299 4505; x_wconf 74' lang='lat' dir='ltr'>Cares.</span> <span class='ocrx_word' id='word_1_386' title='bbox 314 4449 392 4507; x_wconf 78' lang='lat' dir='ltr'>snm.</span> <span class='ocrx_word' id='word_1_387' title='bbox 407 4448 488 4505; x_wconf 73' lang='lat' dir='ltr'>Gran.</span> <span class='ocrx_word' id='word_1_388' title='bbox 524 4450 546 4506; x_wconf 91' lang='grc' dir='ltr'>Ι.</span> <span class='ocrx_word' id='word_1_389' title='bbox 1094 4447 1112 4502; x_wconf 86' lang='grc'><strong>3</strong></span> 
     </span>
    </p>
   </div>
   <div class='ocr_carea' id='block_1_4' title="bbox 0 0 1590 4922">
    <p class='ocr_par' dir='ltr' id='par_1_9' title="bbox 0 0 1590 4922">
     <span class='ocr_line' id='line_1_42' title="bbox 0 0 1590 4922; baseline 0 0"><span class='ocrx_word' id='word_1_390' title='bbox 0 0 1590 4922; x_wconf 95' lang='lat' dir='ltr'> </span> 
     </span>
    </p>
   </div>
  </div>
 </body>
</html>
