3136 4928
550 375 647 432 Comm.
667 377 725 445 VII,
745 395 766 432 c.
786 379 900 434 65-67.
1251 359 1254 364 ¹
1284 375 1339 438 297

101 559 166 604 non
193 557 307 622 posse3
340 540 381 616 si,
411 539 444 604 id
468 537 552 621 quod
581 539 684 621 magis
707 539 854 605 futurum
878 538 1028 616 confidat,
1064 541 1183 605 relictis
1205 541 1339 624 impedi-

101 647 222 710 mentis
248 665 325 711 suae
350 647 449 712 saluti
473 646 658 724 consulant,
688 649 721 710 et
743 665 804 710 usu
828 665 937 711 rerum
960 647 1213 712 necessariarum
1237 652 1270 712 et
1293 648 1340 712 di·

101 754 229 835 gnitate
254 753 428 836 spoliatum
451 753 504 828 iri;
528 771 604 816 nam
620 752 658 817 de
676 753 837 835 equitibus
854 753 1003 831 hostium,
1028 754 1103 835 quin
1118 773 1212 820 nemo
1229 774 1364 820 eorumc
1386 766 1392 779 '

102 859 254 942 progredi
277 860 370 924 modo
394 861 483 924 extra
507 877 622 941 agmen
646 860 771 937 audeat
795 860 880 943 ipsos
906 860 1034 941 quidem
1057 879 1121 924 non
1144 861 1257 926 debere
1281 860 1339 926 du·

101 967 216 1031 bitere.
255 966 295 1030 Id
321 985 382 1048 quo
405 967 524 1030 maiore
548 966 667 1030 saciant
684 967 797 1044 animo,
821 967 928 1049 copiae
952 985 985 1031 se
1008 985 1121 1032 omnes
1144 986 1201 1050 pro
1224 969 1338 1032 castris

101 1073 292 1137 habiturum
310 1075 343 1138 et
359 1074 474 1137 terrori
489 1073 636 1138 hostibus
653 1073 807 1140 futurum.
846 1072 1057 1138 Conclamant
1080 1073 1223 1156 equites:
1247 1093 1362 1139 sano-r

101 1180 229 1244 tissime
252 1180 459 1245 iureiurando,
479 1180 659 1244 confirmari
683 1182 898 1263 oportetque
922 1181 1006 1244 tecto
1030 1180 1272 1264 recipiamque
1296 1181 1337 1245 ad

101 1286 235 1364 liberos,
265 1306 305 1352 ne
329 1287 370 1350 ad
393 1289 558 1371 parented,
588 1287 628 1350 ad
651 1305 781 1352 uxorem
804 1287 928 1352 aditum
950 1286 1084 1364 haheat,
1115 1287 1168 1369 qui
1195 1306 1259 1352 non
1287 1288 1336 1352 bis

101 1412 160 1476 per
185 1412 302 1475 agmen
324 1394 468 1458 hostium
490 1394 733 1476 perequitasset.

195 1500 335 1564 Probata
358 1519 392 1564 re
417 1502 514 1582 atque
538 1501 684 1565 omnibus
707 1500 912 1564 iureiurando
937 1500 1059 1566 adactis
1083 1502 1209 1584 postero
1229 1499 1279 1566 die
1302 1501 1389 1564 ind?

101 1608 171 1670 tres
201 1608 309 1690 partes
337 1608 509 1672 distributo
533 1607 679 1689 equitatu
702 1607 783 1671 duae
804 1625 840 1672 se
865 1607 948 1671 acies
972 1608 1012 1673 ab
1035 1607 1158 1672 duobus
1181 1607 1335 1673 lebetibus

99 1713 287 1792 ostendunt,
310 1733 375 1779 una
398 1715 533 1797 aprimo
557 1715 682 1796 agmine
705 1714 767 1778 iter
789 1713 941 1796 impedire
958 1716 1068 1798 coepit.
1100 1711 1171 1794 Qua
1193 1733 1228 1780 re
1251 1731 1355 1779 nun-2

99 1821 186 1884 tiata
215 1820 333 1888 Caesar
363 1841 457 1886 suum
488 1840 614 1903 quoque
649 1821 830 1903 equitatum
864 1821 1025 1903 tripertito
1055 1821 1192 1886 divisum
1222 1825 1333 1887 contra

100 1928 231 1992 hostem
257 1930 303 1993 ire
326 1929 423 1993 iubet.
467 1928 635 2010 Pugnatur
664 1947 729 1992 una
756 1928 901 1992 omnibus
924 1928 1134 2012 inpartibus.
1180 1929 1355 1994 Consistita

99 2053 237 2117 agmen3
261 2035 488 2118 impedimenta
510 2035 594 2100 inter
616 2035 755 2117 legiones
779 2035 985 2118 recipiuntur.
1032 2035 1067 2100 Si
1091 2054 1155 2117 qun
1177 2035 1210 2100 in
1240 2039 1356 2119 parter

99 2143 206 2207 nostri
234 2143 378 2208 laborare
411 2143 467 2206 aut
497 2143 625 2224 gravius
654 2142 757 2225 premi
786 2141 1004 2219 utebantur„
1030 2161 1066 2206 eo
1102 2142 1193 2225 signa
1227 2143 1337 2208 inferri

100 2248 224 2314 Caesar
248 2250 410 2331 aciemque
435 2250 586 2314 constitui
608 2249 752 2323 iubebat;
784 2267 865 2330 quae
894 2267 946 2313 res
978 2250 1010 2312 et
1040 2249 1149 2314 hostes
1181 2250 1220 2314 ad
1249 2251 1334 2315 inse·

101 2356 269 2438 quendum
297 2357 446 2421 tardabat
475 2358 508 2420 et
537 2358 662 2421 nostros
691 2373 747 2438 spe
784 2355 892 2418 auxilii
927 2355 1143 2420 confirmabat.
1189 2356 1359 2421 Tandemo

101 2463 258 2529 Germani
282 2464 321 2528 ab
345 2463 453 2528 dextro
476 2464 576 2527 latere
601 2481 764 2528 summum
787 2463 898 2543 iugum
921 2463 1031 2526 naneti
1053 2462 1163 2526 hostes
1187 2463 1255 2528 loco
1279 2462 1334 2527 de·

177 2725 201 2766 a.
220 2711 253 2764 id
271 2711 344 2780 quod
361 2711 448 2780 magis
461 2753 466 2764 .
478 2753 502 2765 ..
518 2711 651 2778 confidat]
671 2727 742 2778 ,ΜΒ
761 2726 789 2763 er
807 2709 869 2763 eher
887 2708 1027 2763 erwarte“.
1055 2709 1097 2762 Ist
1116 2725 1144 2762 so
1163 2708 1229 2762 auch
1248 2709 1329 2762 echon

99 2799 232 2866 futurum
250 2801 300 2854 mit
323 2799 519 2868 ausgodrlieht?
545 2829 578 2837 —
604 2798 751 2868 dignitate]
777 2797 828 2852 Ein
851 2799 902 2852 mit
926 2797 1022 2851 seinem
1040 2796 1116 2850 Trois
1141 2797 1237 2850 durohs
1256 2796 1330 2850 Laud
1343 2824 1355 2836 υ

101 2889 325 2944 marsnhierendes
343 2889 413 2943 Heer
430 2889 508 2942 hatte
526 2889 569 2942 ein
586 2888 712 2956 Aehtung
729 2887 897 2956 gebietendes
912 2887 1047 2953 Aneehen;
1066 2885 1150 2940 dieses
1169 2885 1256 2940 wlirde
1275 2902 1333 2940 ver·

101 2979 176 3034 loren
193 2980 286 3048 gehen,
305 2995 379 3032 uenn
398 2979 435 3032 sie
454 2978 499 3032 dee
518 2977 625 3031 Trosses
644 2977 756 3032 beraubt
773 2977 888 3031 wiirden.

177 3081 201 3122 o.
221 3067 254 3122 de
273 3067 425 3136 equitibus]
443 3067 519 3122 Aueh
537 3066 621 3120 durch
639 3066 859 3134 vorgesohobones
878 3065 1000 3134 equitum
1018 3063 1105 3118 uiirde
1124 3063 1204 3118 Cdsar
1222 3063 1264 3116 die
1282 3063 1333 3116 Be·

102 3161 207 3226 tonung
224 3157 339 3211 erreieht
355 3157 448 3224 haben,
469 3156 510 3210 die
528 3156 575 3209 wir
593 3155 677 3209 durch
696 3172 770 3222 „um
853 3154 975 3210 boarum
995 3156 1120 3208 arsetaen.
1156 3151 1266 3206 Warum
1282 3152 1331 3206 hat

100 3263 132 3301 er
151 3247 218 3301 wohl
236 3246 312 3300 nicht
329 3247 454 3314 equitum
471 3246 591 3300 hostium
615 3244 806 3313 gesehrieben?
829 3273 866 3282 —
890 3243 960 3312 quia
1037 3241 1168 3312 progredi
1192 3239 1271 3297 modo

100 3335 217 3404 audwt]
244 3335 324 3402 „daie
342 3352 370 3388 er
395 3334 451 3388 sich
475 3334 542 3388 auch
564 3350 616 3387 nur
694 3333 893 3400 herausuage“.
919 3362 953 3370 -
978 3333 1051 3402 ipsos
1076 3329 1196 3401 quidem]
1221 3330 1333 3400 gradem

102 3424 168 3479 wird
187 3425 227 3478 oft
243 3425 278 3477 im
297 3423 448 3477 Deutsahen
466 3423 535 3477 blols
555 3422 638 3476 durch
657 3423 745 3475 sturlo
763 3422 904 3490 Betcnung
923 3421 968 3474 des
987 3419 1213 3489 vorhergehenden
1228 3419 1333 3474 Wortes

102 3513 322 3582 wiedergegehen.

177 3615 199 3656 a.
219 3601 420 3668 sanctissimus]
439 3604 507 3654 etna
526 3599 726 3668 ‚‚hochheilig“.
755 3599 810 3652 Der
827 3597 919 3652 Inhalt
937 3598 982 3652 des
996 3597 1084 3664 Bidos,
1103 3597 1150 3653 der
1167 3597 1333 3666 gesohworen

100 3692 205 3746 werden
226 3691 290 3758 soll,
313 3691 445 3745 erscheint
467 3689 495 3743 in
512 3689 589 3743 Form
613 3690 685 3743 einer
702 3686 964 3755 Willenserlrltrung.
992 3715 1024 3725 —
1049 3690 1120 3741 tecto
1142 3685 1242 3755 recipi]
1269 3685 1333 3753 „ein

99 3780 212 3836 Obdech
230 3779 348 3834 finden“.

173 3869 253 3937 nep.
273 3869 323 3924 67.
360 3880 435 3922 1—a.
454 3867 657 3922 iureiurando
675 3865 767 3935 adigi]
787 3866 939 3932 „schutren
953 3864 1088 3918 mussen“.
1107 3892 1144 3902 —
1161 3861 1246 3930 adea]
1264 3866 1332 3916 atua

100 3957 378 4028 ,‚Sehlachthaulen“.
403 3985 439 3996 -
463 3975 483 4012 a
496 3957 590 4026 primo
609 3955 729 4026 agmine]
755 3971 839 4022 „vom
858 3971 900 4008 am
919 3954 1019 4019 augea
1044 3981 1078 3992 —
1103 3953 1179 4007 inter
1203 3951 1330 4021 hyems]

100 4049 144 4102 Sie
162 4047 267 4102 werden
286 4046 341 4101 aleo
359 4063 410 4100 von
428 4046 479 4100 den
496 4046 626 4114 legionen
644 4045 672 4100 in
690 4043 732 4097 die
750 4044 830 4098 Mitte
849 4059 1011 4112 genommen.
1116 4075 1117 4080 κ
1184 4073 1190 4082 ·

175 4149 201 4192 4,
219 4136 320 4203 noem]
338 4135 454 4188 nimlich
474 4135 516 4188 die
533 4134 632 4188 Reiter.
658 4161 692 4172 -
716 4133 804 4188 aetem
822 4131 967 4198 decutitui]
992 4130 1047 4184 Das
1064 4129 1239 4184 vorriickende
1257 4127 1332 4182 nns-

101 4227 162 4280 volh
180 4226 278 4280 nimmt
295 4222 537 4292 Gefeehtsstellung
555 4223 605 4277 ein.
626 4251 660 4261 -
678 4221 840 4288 eoassmtare
858 4220 925 4288 alm]
944 4219 1011 4290 Kap.
1030 4221 1055 4287 7,
1074 4220 1100 4272 4.

175 4326 265 4368 a-a.
291 4329 426 4370 mmmm
443 4312 553 4382 iugum]
577 4313 616 4366 ist
633 4309 709 4364 nicht
728 4310 793 4376 „ein
818 4309 879 4364 sehr
901 4309 984 4363 hoher
1000 4307 1118 4377 Hilgel“,
1143 4306 1276 4361 eundern?
1295 4334 1331 4344 —

100 4403 235 4459 omnibus
252 4403 320 4457 locis
337 4403 374 4470 fle
390 4401 495 4470 caede]
516 4401 585 4469 „dea
603 4397 721 4454 Blutbad
739 4398 804 4452 wird
823 4397 991 4468 allgemein“.
