<?xml version="1.0" encoding="UTF-8"?>
<!DOCTYPE html PUBLIC "-//W3C//DTD XHTML 1.0 Transitional//EN"
    "http://www.w3.org/TR/xhtml1/DTD/xhtml1-transitional.dtd">
<html xmlns="http://www.w3.org/1999/xhtml" xml:lang="en" lang="en">
 <head>
  <title>
</title>
<meta http-equiv="Content-Type" content="text/html;charset=utf-8" />
  <meta name='ocr-system' content='tesseract 3.04.00' />
  <meta name='ocr-capabilities' content='ocr_page ocr_carea ocr_par ocr_line ocrx_word'/>
</head>
<body>
  <div class='ocr_page' id='page_1' title='image "./ciuliicaesarisc01menggoog/ciuliicaesarisc01menggoog_0244.png"; bbox 0 0 3086 4920; ppageno 0'>
   <div class='ocr_carea' id='block_1_1' title="bbox 540 365 1316 436">
    <p class='ocr_par' dir='ltr' id='par_1_1' title="bbox 540 365 1316 436">
     <span class='ocr_line' id='line_1_1' title="bbox 540 365 1316 436; baseline 0.004 -14"><span class='ocrx_word' id='word_1_1' title='bbox 540 367 637 423; x_wconf 86' lang='lat' dir='ltr'>Comm.</span> <span class='ocrx_word' id='word_1_2' title='bbox 655 368 700 436; x_wconf 88' lang='lat' dir='ltr'>VI,</span> <span class='ocrx_word' id='word_1_3' title='bbox 719 385 740 422; x_wconf 91' lang='lat' dir='ltr'>o.</span> <span class='ocrx_word' id='word_1_4' title='bbox 761 369 873 423; x_wconf 74' lang='lat'>17-20.</span> <span class='ocrx_word' id='word_1_5' title='bbox 1263 365 1316 428; x_wconf 71' lang='lat'>‘201</span> 
     </span>
    </p>
   </div>
   <div class='ocr_carea' id='block_1_2' title="bbox 91 527 1369 2423">
    <p class='ocr_par' dir='ltr' id='par_1_2' title="bbox 91 527 1341 1565">
     <span class='ocr_line' id='line_1_2' title="bbox 93 527 1341 614; baseline 0 -22"><span class='ocrx_word' id='word_1_6' title='bbox 93 529 182 594; x_wconf 89' lang='lat' dir='ltr'>tibus</span> <span class='ocrx_word' id='word_1_7' title='bbox 206 530 405 614; x_wconf 84' lang='lat' dir='ltr'>superiorum</span> <span class='ocrx_word' id='word_1_8' title='bbox 434 531 613 612; x_wconf 87' lang='lat' dir='ltr'>temporum</span> <span class='ocrx_word' id='word_1_9' title='bbox 642 529 794 612; x_wconf 86' lang='lat' dir='ltr'>pervenit.</span> <span class='ocrx_word' id='word_1_10' title='bbox 839 528 910 594; x_wconf 90' lang='lat' dir='ltr'>Viri</span> <span class='ocrx_word' id='word_1_11' title='bbox 937 527 971 592; x_wconf 93' lang='lat' dir='ltr'>in</span> <span class='ocrx_word' id='word_1_12' title='bbox 1000 547 1131 605; x_wconf 82' lang='lat' dir='ltr'>uxores,</span> <span class='ocrx_word' id='word_1_13' title='bbox 1161 529 1255 594; x_wconf 89' lang='lat' dir='ltr'>sicuti</span> <span class='ocrx_word' id='word_1_14' title='bbox 1284 531 1341 595; x_wconf 78' lang='lat' dir='ltr'>ine</span> 
     </span>
     <span class='ocr_line' id='line_1_3' title="bbox 93 634 1316 718; baseline 0.002 -19"><span class='ocrx_word' id='word_1_15' title='bbox 93 635 227 712; x_wconf 88' lang='lat' dir='ltr'>liberos,</span> <span class='ocrx_word' id='word_1_16' title='bbox 250 636 332 700; x_wconf 87' lang='lat' dir='ltr'>vitae</span> <span class='ocrx_word' id='word_1_17' title='bbox 361 635 510 717; x_wconf 77' lang='lat' dir='ltr'>necisque</span> <span class='ocrx_word' id='word_1_18' title='bbox 537 635 657 699; x_wconf 85' lang='lat' dir='ltr'>habent</span> <span class='ocrx_word' id='word_1_19' title='bbox 685 636 896 718; x_wconf 67' lang='lat' dir='ltr'>potestatem</span> <span class='ocrx_word' id='word_1_20' title='bbox 926 635 1055 700; x_wconf 88' lang='lat' dir='ltr'>etcum</span> <span class='ocrx_word' id='word_1_21' title='bbox 1085 634 1316 717; x_wconf 80' lang='lat' dir='ltr'>paterfamiliae</span> 
     </span>
     <span class='ocr_line' id='line_1_4' title="bbox 91 741 1316 825; baseline 0.002 -21"><span class='ocrx_word' id='word_1_22' title='bbox 91 741 277 806; x_wconf 80' lang='lat' dir='ltr'>inlustriore</span> <span class='ocrx_word' id='word_1_23' title='bbox 300 742 367 806; x_wconf 91' lang='lat' dir='ltr'>loco</span> <span class='ocrx_word' id='word_1_24' title='bbox 388 744 486 806; x_wconf 87' lang='lat' dir='ltr'>natus</span> <span class='ocrx_word' id='word_1_25' title='bbox 510 741 660 818; x_wconf 83' lang='lat' dir='ltr'>decessit,</span> <span class='ocrx_word' id='word_1_26' title='bbox 691 742 758 806; x_wconf 91' lang='lat' dir='ltr'>eius</span> <span class='ocrx_word' id='word_1_27' title='bbox 788 741 956 825; x_wconf 89' lang='lat' dir='ltr'>propinqui</span> <span class='ocrx_word' id='word_1_28' title='bbox 979 742 1171 807; x_wconf 89' lang='lat' dir='ltr'>conveniunt</span> <span class='ocrx_word' id='word_1_29' title='bbox 1199 744 1247 819; x_wconf 86' lang='lat' dir='ltr'>et,</span> <span class='ocrx_word' id='word_1_30' title='bbox 1278 742 1316 808; x_wconf 86' lang='lat' dir='ltr'>de</span> 
     </span>
     <span class='ocr_line' id='line_1_5' title="bbox 91 847 1316 932; baseline 0.001 -20"><span class='ocrx_word' id='word_1_31' title='bbox 91 850 198 913; x_wconf 88' lang='lat' dir='ltr'>morte</span> <span class='ocrx_word' id='word_1_32' title='bbox 221 849 248 913; x_wconf 89' lang='lat' dir='ltr'>si</span> <span class='ocrx_word' id='word_1_33' title='bbox 270 867 321 914; x_wconf 86' lang='lat' dir='ltr'>res</span> <span class='ocrx_word' id='word_1_34' title='bbox 344 849 377 912; x_wconf 94' lang='lat' dir='ltr'>in</span> <span class='ocrx_word' id='word_1_35' title='bbox 401 849 612 932; x_wconf 88' lang='lat' dir='ltr'>suspicionem</span> <span class='ocrx_word' id='word_1_36' title='bbox 631 849 727 926; x_wconf 87' lang='lat' dir='ltr'>venit,</span> <span class='ocrx_word' id='word_1_37' title='bbox 751 848 789 914; x_wconf 94' lang='lat' dir='ltr'>de</span> <span class='ocrx_word' id='word_1_38' title='bbox 811 849 960 913; x_wconf 83' lang='lat' dir='ltr'>uxoribus</span> <span class='ocrx_word' id='word_1_39' title='bbox 975 849 1009 912; x_wconf 92' lang='lat' dir='ltr'>in</span> <span class='ocrx_word' id='word_1_40' title='bbox 1025 847 1171 913; x_wconf 87' lang='lat' dir='ltr'>servilem</span> <span class='ocrx_word' id='word_1_41' title='bbox 1187 848 1316 914; x_wconf 90' lang='lat' dir='ltr'>modum</span> 
     </span>
     <span class='ocr_line' id='line_1_6' title="bbox 92 954 1316 1038; baseline 0 -20"><span class='ocrx_word' id='word_1_42' title='bbox 92 954 317 1036; x_wconf 85' lang='lat' dir='ltr'>quaestionem</span> <span class='ocrx_word' id='word_1_43' title='bbox 346 955 465 1020; x_wconf 88' lang='lat' dir='ltr'>hubent</span> <span class='ocrx_word' id='word_1_44' title='bbox 495 957 543 1032; x_wconf 91' lang='lat' dir='ltr'>et,</span> <span class='ocrx_word' id='word_1_45' title='bbox 574 955 600 1019; x_wconf 87' lang='lat' dir='ltr'>si</span> <span class='ocrx_word' id='word_1_46' title='bbox 630 956 827 1038; x_wconf 88' lang='lat' dir='ltr'>compertum</span> <span class='ocrx_word' id='word_1_47' title='bbox 857 956 921 1032; x_wconf 92' lang='lat' dir='ltr'>est,</span> <span class='ocrx_word' id='word_1_48' title='bbox 952 954 1017 1036; x_wconf 81' lang='lat' dir='ltr'>igni</span> <span class='ocrx_word' id='word_1_49' title='bbox 1047 955 1143 1036; x_wconf 88' lang='lat' dir='ltr'>atque</span> <span class='ocrx_word' id='word_1_50' title='bbox 1171 955 1316 1020; x_wconf 87' lang='lat' dir='ltr'>omnibus</span> 
     </span>
     <span class='ocr_line' id='line_1_7' title="bbox 92 1059 1340 1143; baseline -0.006 -17"><span class='ocrx_word' id='word_1_51' title='bbox 92 1059 264 1126; x_wconf 88' lang='lat' dir='ltr'>tormentis</span> <span class='ocrx_word' id='word_1_52' title='bbox 288 1061 482 1126; x_wconf 85' lang='lat' dir='ltr'>excruciatas</span> <span class='ocrx_word' id='word_1_53' title='bbox 504 1060 708 1126; x_wconf 85' lang='lat' dir='ltr'>interficiunt.</span> <span class='ocrx_word' id='word_1_54' title='bbox 752 1061 878 1124; x_wconf 85' lang='lat' dir='ltr'>Funera</span> <span class='ocrx_word' id='word_1_55' title='bbox 910 1062 985 1125; x_wconf 90' lang='lat' dir='ltr'>sunt</span> <span class='ocrx_word' id='word_1_56' title='bbox 1013 1079 1070 1143; x_wconf 89' lang='lat' dir='ltr'>pro</span> <span class='ocrx_word' id='word_1_57' title='bbox 1099 1061 1187 1125; x_wconf 90' lang='lat' dir='ltr'>cultu</span> <span class='ocrx_word' id='word_1_58' title='bbox 1211 1059 1340 1126; x_wconf 74' lang='lat' dir='ltr'>Gallo-⁴</span> 
     </span>
     <span class='ocr_line' id='line_1_8' title="bbox 92 1165 1316 1250; baseline -0.001 -18"><span class='ocrx_word' id='word_1_59' title='bbox 92 1185 168 1232; x_wconf 90' lang='lat' dir='ltr'>rum</span> <span class='ocrx_word' id='word_1_60' title='bbox 191 1166 360 1248; x_wconf 81' lang='lat' dir='ltr'>magnifica</span> <span class='ocrx_word' id='word_1_61' title='bbox 384 1169 417 1232; x_wconf 86' lang='lat' dir='ltr'>et</span> <span class='ocrx_word' id='word_1_62' title='bbox 440 1169 642 1250; x_wconf 80' lang='lat' dir='ltr'>sumptuosa3</span> <span class='ocrx_word' id='word_1_63' title='bbox 672 1167 854 1248; x_wconf 85' lang='lat' dir='ltr'>omniaque,</span> <span class='ocrx_word' id='word_1_64' title='bbox 885 1184 965 1248; x_wconf 87' lang='lat' dir='ltr'>quoe</span> <span class='ocrx_word' id='word_1_65' title='bbox 993 1166 1072 1231; x_wconf 87' lang='lat' dir='ltr'>vivis</span> <span class='ocrx_word' id='word_1_66' title='bbox 1103 1166 1189 1232; x_wconf 89' lang='lat' dir='ltr'>cordi</span> <span class='ocrx_word' id='word_1_67' title='bbox 1218 1165 1316 1231; x_wconf 88' lang='lat' dir='ltr'>fuisse</span> 
     </span>
     <span class='ocr_line' id='line_1_9' title="bbox 92 1272 1317 1356; baseline -0.001 -19"><span class='ocrx_word' id='word_1_68' title='bbox 92 1274 308 1351; x_wconf 83' lang='lat' dir='ltr'>arbitrantur,</span> <span class='ocrx_word' id='word_1_69' title='bbox 331 1274 493 1356; x_wconf 82' lang='lat' dir='ltr'>inignem</span> <span class='ocrx_word' id='word_1_70' title='bbox 523 1272 678 1351; x_wconf 89' lang='lat' dir='ltr'>inferunt,</span> <span class='ocrx_word' id='word_1_71' title='bbox 709 1273 806 1337; x_wconf 87' lang='lat' dir='ltr'>etiam</span> <span class='ocrx_word' id='word_1_72' title='bbox 836 1272 1001 1347; x_wconf 86' lang='lat' dir='ltr'>animalia;</span> <span class='ocrx_word' id='word_1_73' title='bbox 1032 1291 1068 1338; x_wconf 88' lang='lat' dir='ltr'>ac</span> <span class='ocrx_word' id='word_1_74' title='bbox 1096 1273 1191 1355; x_wconf 88' lang='lat' dir='ltr'>paulo</span> <span class='ocrx_word' id='word_1_75' title='bbox 1221 1290 1317 1355; x_wconf 86' lang='lat' dir='ltr'>supra</span> 
     </span>
     <span class='ocr_line' id='line_1_10' title="bbox 91 1379 1317 1461; baseline -0.001 -17"><span class='ocrx_word' id='word_1_76' title='bbox 91 1383 178 1446; x_wconf 88' lang='lat' dir='ltr'>hanc</span> <span class='ocrx_word' id='word_1_77' title='bbox 200 1381 387 1446; x_wconf 86' lang='lat' dir='ltr'>memoriam</span> <span class='ocrx_word' id='word_1_78' title='bbox 411 1381 494 1446; x_wconf 85' lang='lat' dir='ltr'>servi</span> <span class='ocrx_word' id='word_1_79' title='bbox 517 1383 550 1445; x_wconf 91' lang='lat' dir='ltr'>ct</span> <span class='ocrx_word' id='word_1_80' title='bbox 573 1380 719 1456; x_wconf 75' lang='lat' dir='ltr'>clienter,</span> <span class='ocrx_word' id='word_1_81' title='bbox 750 1398 829 1461; x_wconf 86' lang='lat' dir='ltr'>quos</span> <span class='ocrx_word' id='word_1_82' title='bbox 853 1380 892 1444; x_wconf 88' lang='lat' dir='ltr'>ab</span> <span class='ocrx_word' id='word_1_83' title='bbox 914 1379 964 1444; x_wconf 87' lang='lat' dir='ltr'>hie</span> <span class='ocrx_word' id='word_1_84' title='bbox 987 1379 1118 1444; x_wconf 89' lang='lat' dir='ltr'>dilectos</span> <span class='ocrx_word' id='word_1_85' title='bbox 1147 1397 1216 1444; x_wconf 86' lang='lat' dir='ltr'>esse</span> <span class='ocrx_word' id='word_1_86' title='bbox 1245 1397 1317 1443; x_wconf 89' lang='lat' dir='ltr'>con·</span> 
     </span>
     <span class='ocr_line' id='line_1_11' title="bbox 92 1486 1028 1565; baseline -0.004 -13"><span class='ocrx_word' id='word_1_87' title='bbox 92 1489 212 1565; x_wconf 83' lang='lat' dir='ltr'>stabat,</span> <span class='ocrx_word' id='word_1_88' title='bbox 234 1488 327 1552; x_wconf 87' lang='lat' dir='ltr'>iustis</span> <span class='ocrx_word' id='word_1_89' title='bbox 350 1486 513 1552; x_wconf 81' lang='lat' dir='ltr'>funeribus</span> <span class='ocrx_word' id='word_1_90' title='bbox 537 1486 686 1552; x_wconf 86' lang='lat' dir='ltr'>confectis</span> <span class='ocrx_word' id='word_1_91' title='bbox 708 1504 773 1551; x_wconf 89' lang='lat' dir='ltr'>una</span> <span class='ocrx_word' id='word_1_92' title='bbox 797 1487 1028 1552; x_wconf 86' lang='lat' dir='ltr'>cremabantur.</span> 
     </span>
    </p>

    <p class='ocr_par' dir='ltr' id='par_1_3' title="bbox 92 1591 1369 2423">
     <span class='ocr_line' id='line_1_12' title="bbox 185 1591 1369 1675; baseline -0.004 -17"><span class='ocrx_word' id='word_1_93' title='bbox 185 1593 276 1673; x_wconf 81' lang='lat' dir='ltr'>Quae</span> <span class='ocrx_word' id='word_1_94' title='bbox 306 1595 449 1659; x_wconf 87' lang='lat' dir='ltr'>civitates</span> <span class='ocrx_word' id='word_1_95' title='bbox 479 1593 674 1658; x_wconf 88' lang='lat' dir='ltr'>commodius</span> <span class='ocrx_word' id='word_1_96' title='bbox 705 1611 797 1657; x_wconf 88' lang='lat' dir='ltr'>suam</span> <span class='ocrx_word' id='word_1_97' title='bbox 831 1592 1061 1675; x_wconf 87' lang='lat' dir='ltr'>rempublicam</span> <span class='ocrx_word' id='word_1_98' title='bbox 1095 1591 1369 1656; x_wconf 58' lang='lat' dir='ltr'>administrarem)</span> 
     </span>
     <span class='ocr_line' id='line_1_13' title="bbox 93 1697 1316 1782; baseline -0.002 -17"><span class='ocrx_word' id='word_1_99' title='bbox 93 1701 330 1777; x_wconf 82' lang='lat' dir='ltr'>existimantur,</span> <span class='ocrx_word' id='word_1_100' title='bbox 351 1700 471 1764; x_wconf 86' lang='lat' dir='ltr'>habent</span> <span class='ocrx_word' id='word_1_101' title='bbox 492 1700 616 1782; x_wconf 82' lang='lat' dir='ltr'>legibus</span> <span class='ocrx_word' id='word_1_102' title='bbox 640 1701 796 1776; x_wconf 89' lang='lat' dir='ltr'>sanctum,</span> <span class='ocrx_word' id='word_1_103' title='bbox 820 1699 847 1762; x_wconf 90' lang='lat' dir='ltr'>si</span> <span class='ocrx_word' id='word_1_104' title='bbox 871 1699 942 1780; x_wconf 89' lang='lat' dir='ltr'>quis</span> <span class='ocrx_word' id='word_1_105' title='bbox 959 1697 1089 1780; x_wconf 90' lang='lat' dir='ltr'>quidde</span> <span class='ocrx_word' id='word_1_106' title='bbox 1112 1698 1274 1781; x_wconf 84' lang='lat' dir='ltr'>republica</span> <span class='ocrx_word' id='word_1_107' title='bbox 1297 1716 1316 1762; x_wconf 83' lang='lat' dir='ltr'>a</span> 
     </span>
     <span class='ocr_line' id='line_1_14' title="bbox 92 1804 1317 1889; baseline -0.001 -19"><span class='ocrx_word' id='word_1_108' title='bbox 92 1806 240 1872; x_wconf 87' lang='lat' dir='ltr'>finitimis</span> <span class='ocrx_word' id='word_1_109' title='bbox 262 1825 388 1871; x_wconf 84' lang='lat' dir='ltr'>rumore</span> <span class='ocrx_word' id='word_1_110' title='bbox 412 1808 469 1871; x_wconf 88' lang='lat' dir='ltr'>aut</span> <span class='ocrx_word' id='word_1_111' title='bbox 491 1805 577 1871; x_wconf 88' lang='lat' dir='ltr'>famu</span> <span class='ocrx_word' id='word_1_112' title='bbox 599 1805 772 1889; x_wconf 86' lang='lat' dir='ltr'>acceperit,</span> <span class='ocrx_word' id='word_1_113' title='bbox 801 1805 849 1869; x_wconf 91' lang='lat' dir='ltr'>uti</span> <span class='ocrx_word' id='word_1_114' title='bbox 872 1805 912 1868; x_wconf 89' lang='lat' dir='ltr'>ad</span> <span class='ocrx_word' id='word_1_115' title='bbox 941 1805 1165 1887; x_wconf 85' lang='lat' dir='ltr'>magistratum</span> <span class='ocrx_word' id='word_1_116' title='bbox 1195 1804 1317 1870; x_wconf 90' lang='lat' dir='ltr'>deferat</span> 
     </span>
     <span class='ocr_line' id='line_1_15' title="bbox 92 1912 1341 1994; baseline -0.004 -16"><span class='ocrx_word' id='word_1_117' title='bbox 92 1932 173 1978; x_wconf 87' lang='lat' dir='ltr'>neve</span> <span class='ocrx_word' id='word_1_118' title='bbox 199 1932 273 1977; x_wconf 88' lang='lat' dir='ltr'>cum</span> <span class='ocrx_word' id='word_1_119' title='bbox 296 1931 357 1994; x_wconf 90' lang='lat' dir='ltr'>quo</span> <span class='ocrx_word' id='word_1_120' title='bbox 381 1914 442 1978; x_wconf 92' lang='lat' dir='ltr'>alio</span> <span class='ocrx_word' id='word_1_121' title='bbox 466 1913 692 1990; x_wconf 89' lang='lat' dir='ltr'>communicet,</span> <span class='ocrx_word' id='word_1_122' title='bbox 721 1913 805 1993; x_wconf 91' lang='lat' dir='ltr'>quod</span> <span class='ocrx_word' id='word_1_123' title='bbox 837 1929 929 1994; x_wconf 85' lang='lat' dir='ltr'>saepe</span> <span class='ocrx_word' id='word_1_124' title='bbox 957 1912 1101 1976; x_wconf 86' lang='lat' dir='ltr'>homines</span> <span class='ocrx_word' id='word_1_125' title='bbox 1131 1912 1341 1976; x_wconf 77' lang='lat' dir='ltr'>temerariosa</span> 
     </span>
     <span class='ocr_line' id='line_1_16' title="bbox 94 2017 1317 2103; baseline -0.002 -19"><span class='ocrx_word' id='word_1_126' title='bbox 94 2023 193 2102; x_wconf 90' lang='lat' dir='ltr'>atquc</span> <span class='ocrx_word' id='word_1_127' title='bbox 217 2019 379 2103; x_wconf 86' lang='lat' dir='ltr'>imperitos</span> <span class='ocrx_word' id='word_1_128' title='bbox 402 2019 491 2085; x_wconf 88' lang='lat' dir='ltr'>falsis</span> <span class='ocrx_word' id='word_1_129' title='bbox 513 2020 692 2084; x_wconf 89' lang='lat' dir='ltr'>rumoribus</span> <span class='ocrx_word' id='word_1_130' title='bbox 715 2019 829 2084; x_wconf 88' lang='lat' dir='ltr'>terreri</span> <span class='ocrx_word' id='word_1_131' title='bbox 852 2019 884 2082; x_wconf 89' lang='lat' dir='ltr'>et</span> <span class='ocrx_word' id='word_1_132' title='bbox 914 2018 954 2083; x_wconf 88' lang='lat' dir='ltr'>ad</span> <span class='ocrx_word' id='word_1_133' title='bbox 983 2017 1105 2083; x_wconf 87' lang='lat' dir='ltr'>facinus</span> <span class='ocrx_word' id='word_1_134' title='bbox 1135 2019 1255 2102; x_wconf 89' lang='lat' dir='ltr'>impelli</span> <span class='ocrx_word' id='word_1_135' title='bbox 1284 2020 1317 2083; x_wconf 91' lang='lat' dir='ltr'>et</span> 
     </span>
     <span class='ocr_line' id='line_1_17' title="bbox 93 2125 1340 2209; baseline -0.001 -18"><span class='ocrx_word' id='word_1_136' title='bbox 93 2127 133 2191; x_wconf 88' lang='lat' dir='ltr'>dc</span> <span class='ocrx_word' id='word_1_137' title='bbox 156 2127 292 2191; x_wconf 84' lang='lat' dir='ltr'>summis</span> <span class='ocrx_word' id='word_1_138' title='bbox 311 2127 406 2191; x_wconf 89' lang='lat' dir='ltr'>rebus</span> <span class='ocrx_word' id='word_1_139' title='bbox 422 2127 587 2191; x_wconf 91' lang='lat' dir='ltr'>consilium</span> <span class='ocrx_word' id='word_1_140' title='bbox 604 2145 713 2209; x_wconf 86' lang='lat' dir='ltr'>capere</span> <span class='ocrx_word' id='word_1_141' title='bbox 730 2125 893 2207; x_wconf 85' lang='lat' dir='ltr'>cognitum</span> <span class='ocrx_word' id='word_1_142' title='bbox 908 2127 966 2190; x_wconf 91' lang='lat' dir='ltr'>est.</span> <span class='ocrx_word' id='word_1_143' title='bbox 996 2125 1214 2207; x_wconf 81' lang='lat' dir='ltr'>Magistratus,</span> <span class='ocrx_word' id='word_1_144' title='bbox 1234 2141 1340 2208; x_wconf 69' lang='lat' dir='ltr'>quaes</span> 
     </span>
     <span class='ocr_line' id='line_1_18' title="bbox 93 2232 1316 2315; baseline -0.002 -17"><span class='ocrx_word' id='word_1_145' title='bbox 93 2235 163 2298; x_wconf 85' lang='lat' dir='ltr'>risa</span> <span class='ocrx_word' id='word_1_146' title='bbox 188 2235 273 2312; x_wconf 89' lang='lat' dir='ltr'>sunt,</span> <span class='ocrx_word' id='word_1_147' title='bbox 296 2233 464 2311; x_wconf 86' lang='lat' dir='ltr'>occultant,</span> <span class='ocrx_word' id='word_1_148' title='bbox 488 2251 631 2315; x_wconf 89' lang='lat' dir='ltr'>quaeque</span> <span class='ocrx_word' id='word_1_149' title='bbox 648 2251 717 2297; x_wconf 87' lang='lat' dir='ltr'>esse</span> <span class='ocrx_word' id='word_1_150' title='bbox 734 2251 771 2296; x_wconf 84' lang='lat' dir='ltr'>ex</span> <span class='ocrx_word' id='word_1_151' title='bbox 786 2251 847 2296; x_wconf 91' lang='lat' dir='ltr'>usu</span> <span class='ocrx_word' id='word_1_152' title='bbox 867 2232 1096 2310; x_wconf 84' lang='lat' dir='ltr'>iudicaverunt,</span> <span class='ocrx_word' id='word_1_153' title='bbox 1115 2232 1316 2297; x_wconf 87' lang='lat' dir='ltr'>multitudini</span> 
     </span>
     <span class='ocr_line' id='line_1_19' title="bbox 92 2337 1315 2423; baseline -0.002 -19"><span class='ocrx_word' id='word_1_154' title='bbox 92 2339 243 2423; x_wconf 86' lang='lat' dir='ltr'>produnt.</span> <span class='ocrx_word' id='word_1_155' title='bbox 288 2339 335 2404; x_wconf 91' lang='lat' dir='ltr'>De</span> <span class='ocrx_word' id='word_1_156' title='bbox 358 2358 392 2405; x_wconf 89' lang='lat' dir='ltr'>re</span> <span class='ocrx_word' id='word_1_157' title='bbox 415 2340 541 2423; x_wconf 89' lang='lat' dir='ltr'>publica</span> <span class='ocrx_word' id='word_1_158' title='bbox 563 2340 625 2405; x_wconf 91' lang='lat' dir='ltr'>nisi</span> <span class='ocrx_word' id='word_1_159' title='bbox 647 2359 704 2423; x_wconf 88' lang='lat' dir='ltr'>per</span> <span class='ocrx_word' id='word_1_160' title='bbox 727 2339 895 2404; x_wconf 90' lang='lat' dir='ltr'>concilium</span> <span class='ocrx_word' id='word_1_161' title='bbox 917 2339 1005 2420; x_wconf 90' lang='lat' dir='ltr'>loqui</span> <span class='ocrx_word' id='word_1_162' title='bbox 1032 2357 1096 2402; x_wconf 94' lang='lat' dir='ltr'>non</span> <span class='ocrx_word' id='word_1_163' title='bbox 1126 2337 1315 2403; x_wconf 87' lang='lat' dir='ltr'>conceditur.</span> 
     </span>
    </p>
   </div>
   <div class='ocr_carea' id='block_1_3' title="bbox 88 2513 1318 4448">
    <p class='ocr_par' dir='ltr' id='par_1_4' title="bbox 93 2513 1317 2762">
     <span class='ocr_line' id='line_1_20' title="bbox 93 2513 1317 2590; baseline -0.003 -19"><span class='ocrx_word' id='word_1_164' title='bbox 93 2517 249 2571; x_wconf 83' lang='lat' dir='ltr'>transitivos</span> <span class='ocrx_word' id='word_1_165' title='bbox 262 2515 384 2582; x_wconf 85' lang='lat' dir='ltr'>Verbum,</span> <span class='ocrx_word' id='word_1_166' title='bbox 404 2516 496 2590; x_wconf 72' lang='lat' dir='ltr'>dassen</span> <span class='ocrx_word' id='word_1_167' title='bbox 510 2515 608 2586; x_wconf 84' lang='lat' dir='ltr'>objekt</span> <span class='ocrx_word' id='word_1_168' title='bbox 627 2517 695 2584; x_wconf 86' lang='lat' dir='ltr'>„das</span> <span class='ocrx_word' id='word_1_169' title='bbox 713 2517 828 2570; x_wconf 86' lang='lat' dir='ltr'>andere“</span> <span class='ocrx_word' id='word_1_170' title='bbox 848 2516 893 2570; x_wconf 90' lang='lat' dir='ltr'>ist.</span> <span class='ocrx_word' id='word_1_171' title='bbox 928 2515 983 2569; x_wconf 84' lang='lat' dir='ltr'>Iler</span> <span class='ocrx_word' id='word_1_172' title='bbox 995 2514 1158 2583; x_wconf 85' lang='lat' dir='ltr'>Konjunktir</span> <span class='ocrx_word' id='word_1_173' title='bbox 1175 2513 1317 2582; x_wconf 62' lang='lat' dir='ltr'>marcuit</span> 
     </span>
     <span class='ocr_line' id='line_1_21' title="bbox 94 2593 1316 2676; baseline -0.003 -17"><span class='ocrx_word' id='word_1_174' title='bbox 94 2606 170 2660; x_wconf 84' lang='lat' dir='ltr'>steht</span> <span class='ocrx_word' id='word_1_175' title='bbox 188 2605 236 2660; x_wconf 86' lang='lat' dir='ltr'>wie</span> <span class='ocrx_word' id='word_1_176' title='bbox 253 2604 319 2676; x_wconf 84' lang='lat' dir='ltr'>Kap.</span> <span class='ocrx_word' id='word_1_177' title='bbox 334 2605 377 2672; x_wconf 78' lang='lat'>17,</span> <span class='ocrx_word' id='word_1_178' title='bbox 391 2607 416 2660; x_wconf 90' lang='grc'>3.</span> <span class='ocrx_word' id='word_1_179' title='bbox 436 2633 469 2644; x_wconf 75' lang='lat'>-</span> <span class='ocrx_word' id='word_1_180' title='bbox 484 2622 555 2675; x_wconf 80' lang='lat' dir='ltr'>puro</span> <span class='ocrx_word' id='word_1_181' title='bbox 572 2604 729 2676; x_wconf 64' lang='lat' dir='ltr'>utiusque]</span> <span class='ocrx_word' id='word_1_182' title='bbox 747 2605 823 2659; x_wconf 83' lang='lat' dir='ltr'>Statt</span> <span class='ocrx_word' id='word_1_183' title='bbox 838 2605 884 2658; x_wconf 81' lang='lat' dir='ltr'>des</span> <span class='ocrx_word' id='word_1_184' title='bbox 898 2602 1036 2659; x_wconf 83' lang='lat' dir='ltr'>Genetives</span> <span class='ocrx_word' id='word_1_185' title='bbox 1055 2605 1124 2657; x_wconf 76' lang='lat' dir='ltr'>seire</span> <span class='ocrx_word' id='word_1_186' title='bbox 1143 2602 1190 2656; x_wconf 84' lang='lat' dir='ltr'>das</span> <span class='ocrx_word' id='word_1_187' title='bbox 1202 2593 1316 2670; x_wconf 81' lang='lat' dir='ltr'>Adjec-</span> 
     </span>
     <span class='ocr_line' id='line_1_22' title="bbox 93 2693 755 2762; baseline 0 -14"><span class='ocrx_word' id='word_1_188' title='bbox 93 2695 201 2748; x_wconf 87' lang='lat' dir='ltr'>tivum</span> <span class='ocrx_word' id='word_1_189' title='bbox 220 2712 252 2747; x_wconf 84' lang='lat' dir='ltr'>zu</span> <span class='ocrx_word' id='word_1_190' title='bbox 269 2695 350 2762; x_wconf 82' lang='lat' dir='ltr'>poro!</span> <span class='ocrx_word' id='word_1_191' title='bbox 372 2721 403 2731; x_wconf 90' lang='lat'><em>-</em></span> <span class='ocrx_word' id='word_1_192' title='bbox 419 2694 573 2762; x_wconf 67' lang='lat' dir='ltr'>pervenire]</span> <span class='ocrx_word' id='word_1_193' title='bbox 593 2693 755 2761; x_wconf 85' lang='lat' dir='ltr'>‚‚zulallen“.</span> 
     </span>
    </p>

    <p class='ocr_par' dir='ltr' id='par_1_5' title="bbox 91 2779 1317 3207">
     <span class='ocr_line' id='line_1_23' title="bbox 168 2779 1317 2852; baseline -0.006 -14"><span class='ocrx_word' id='word_1_194' title='bbox 168 2797 192 2838; x_wconf 76' lang='lat' dir='ltr'>e.</span> <span class='ocrx_word' id='word_1_195' title='bbox 219 2784 276 2838; x_wconf 86' lang='lat' dir='ltr'>loco</span> <span class='ocrx_word' id='word_1_196' title='bbox 297 2783 392 2851; x_wconf 71' lang='lat' dir='ltr'>wirce]</span> <span class='ocrx_word' id='word_1_197' title='bbox 417 2783 449 2851; x_wconf 89' lang='lat' dir='ltr'>V,</span> <span class='ocrx_word' id='word_1_198' title='bbox 467 2783 515 2850; x_wconf 78' lang='lat'>25,</span> <span class='ocrx_word' id='word_1_199' title='bbox 535 2785 559 2837; x_wconf 90' lang='lat' dir='ltr'>l.</span> <span class='ocrx_word' id='word_1_200' title='bbox 585 2811 619 2822; x_wconf 94' lang='lat'>—</span> <span class='ocrx_word' id='word_1_201' title='bbox 643 2782 767 2852; x_wconf 75' lang='lat' dir='ltr'>dwcseit]</span> <span class='ocrx_word' id='word_1_202' title='bbox 793 2799 844 2837; x_wconf 86' lang='lat' dir='ltr'>nur</span> <span class='ocrx_word' id='word_1_203' title='bbox 865 2783 922 2836; x_wconf 89' lang='lat' dir='ltr'>hier</span> <span class='ocrx_word' id='word_1_204' title='bbox 944 2781 986 2835; x_wconf 91' lang='lat' dir='ltr'>bei</span> <span class='ocrx_word' id='word_1_205' title='bbox 1004 2780 1033 2836; x_wconf 81' lang='lat' dir='ltr'>G.</span> <span class='ocrx_word' id='word_1_206' title='bbox 1052 2781 1079 2834; x_wconf 88' lang='lat' dir='ltr'>in</span> <span class='ocrx_word' id='word_1_207' title='bbox 1097 2779 1143 2834; x_wconf 88' lang='lat' dir='ltr'>der</span> <span class='ocrx_word' id='word_1_208' title='bbox 1160 2779 1317 2848; x_wconf 84' lang='lat' dir='ltr'>Bedeutung</span> 
     </span>
     <span class='ocr_line' id='line_1_24' title="bbox 94 2867 1317 2941; baseline -0.005 -15"><span class='ocrx_word' id='word_1_209' title='bbox 94 2871 310 2940; x_wconf 76' lang='lat' dir='ltr'>„uerseheiden“.</span> <span class='ocrx_word' id='word_1_210' title='bbox 329 2901 364 2911; x_wconf 95' lang='lat'><em>-</em></span> <span class='ocrx_word' id='word_1_211' title='bbox 382 2887 425 2926; x_wconf 76' lang='lat' dir='ltr'>cco</span> <span class='ocrx_word' id='word_1_212' title='bbox 442 2872 475 2925; x_wconf 75' lang='grc' dir='ltr'>ιἰι</span> <span class='ocrx_word' id='word_1_213' title='bbox 489 2872 671 2941; x_wconf 48' lang='lat' dir='ltr'>Momm</span> <span class='ocrx_word' id='word_1_214' title='bbox 684 2870 771 2940; x_wconf 74' lang='lat' dir='ltr'>veuit]</span> <span class='ocrx_word' id='word_1_215' title='bbox 790 2871 855 2938; x_wconf 87' lang='lat' dir='ltr'>„die</span> <span class='ocrx_word' id='word_1_216' title='bbox 868 2870 950 2924; x_wconf 78' lang='lat' dir='ltr'>Socho</span> <span class='ocrx_word' id='word_1_217' title='bbox 963 2869 1028 2924; x_wconf 85' lang='lat' dir='ltr'>wird</span> <span class='ocrx_word' id='word_1_218' title='bbox 1042 2867 1200 2936; x_wconf 74' lang='lat' dir='ltr'>verddchtig,</span> <span class='ocrx_word' id='word_1_219' title='bbox 1219 2883 1247 2921; x_wconf 86' lang='lat' dir='ltr'>cs</span> <span class='ocrx_word' id='word_1_220' title='bbox 1261 2869 1317 2920; x_wconf 88' lang='lat' dir='ltr'>ent·</span> 
     </span>
     <span class='ocr_line' id='line_1_25' title="bbox 92 2955 1317 3028; baseline -0.006 -12"><span class='ocrx_word' id='word_1_221' title='bbox 92 2961 170 3016; x_wconf 82' lang='lat' dir='ltr'>steht</span> <span class='ocrx_word' id='word_1_222' title='bbox 187 2959 350 3015; x_wconf 86' lang='lat' dir='ltr'>Verdacht“.</span> <span class='ocrx_word' id='word_1_223' title='bbox 370 2989 403 2999; x_wconf 93' lang='grc'><strong>-</strong></span> <span class='ocrx_word' id='word_1_224' title='bbox 427 2961 460 3014; x_wconf 77' lang='lat' dir='ltr'>in</span> <span class='ocrx_word' id='word_1_225' title='bbox 476 2961 600 3015; x_wconf 70' lang='lat' dir='ltr'>servilem</span> <span class='ocrx_word' id='word_1_226' title='bbox 617 2959 738 3028; x_wconf 75' lang='lat' dir='ltr'>modum]</span> <span class='ocrx_word' id='word_1_227' title='bbox 757 2960 788 3014; x_wconf 94' lang='lat' dir='ltr'>In</span> <span class='ocrx_word' id='word_1_228' title='bbox 806 2960 871 3014; x_wconf 89' lang='lat' dir='ltr'>Rom</span> <span class='ocrx_word' id='word_1_229' title='bbox 891 2959 978 3014; x_wconf 83' lang='lat' dir='ltr'>durlte</span> <span class='ocrx_word' id='word_1_230' title='bbox 996 2975 1047 3013; x_wconf 86' lang='lat' dir='ltr'>nur</span> <span class='ocrx_word' id='word_1_231' title='bbox 1063 2957 1114 3010; x_wconf 91' lang='lat' dir='ltr'>mit</span> <span class='ocrx_word' id='word_1_232' title='bbox 1131 2956 1242 3010; x_wconf 78' lang='lat' dir='ltr'>Sliluven</span> <span class='ocrx_word' id='word_1_233' title='bbox 1259 2955 1317 3009; x_wconf 89' lang='lat' dir='ltr'>eine</span> 
     </span>
     <span class='ocr_line' id='line_1_26' title="bbox 91 3047 1317 3118; baseline -0.005 -14"><span class='ocrx_word' id='word_1_234' title='bbox 91 3049 301 3118; x_wconf 85' lang='lat' dir='ltr'>Untersuchung</span> <span class='ocrx_word' id='word_1_235' title='bbox 322 3052 401 3102; x_wconf 74' lang='lat' dir='ltr'>untur</span> <span class='ocrx_word' id='word_1_236' title='bbox 423 3049 594 3117; x_wconf 79' lang='lat' dir='ltr'>Anwendnng</span> <span class='ocrx_word' id='word_1_237' title='bbox 616 3049 662 3103; x_wconf 86' lang='lat' dir='ltr'>der</span> <span class='ocrx_word' id='word_1_238' title='bbox 680 3048 769 3103; x_wconf 83' lang='lat' dir='ltr'>Folter</span> <span class='ocrx_word' id='word_1_239' title='bbox 791 3048 934 3117; x_wconf 83' lang='lat' dir='ltr'>angestellt</span> <span class='ocrx_word' id='word_1_240' title='bbox 956 3047 1065 3102; x_wconf 85' lang='lat' dir='ltr'>werden.</span> <span class='ocrx_word' id='word_1_241' title='bbox 1092 3076 1125 3084; x_wconf 94' lang='lat'>-</span> <span class='ocrx_word' id='word_1_242' title='bbox 1150 3049 1317 3113; x_wconf 76' lang='lat' dir='ltr'>compertum</span> 
     </span>
     <span class='ocr_line' id='line_1_27' title="bbox 92 3135 855 3207; baseline -0.004 -13"><span class='ocrx_word' id='word_1_243' title='bbox 92 3139 146 3207; x_wconf 82' lang='lat' dir='ltr'>cet]</span> <span class='ocrx_word' id='word_1_244' title='bbox 166 3154 217 3205; x_wconf 85' lang='lat' dir='ltr'>„es</span> <span class='ocrx_word' id='word_1_245' title='bbox 234 3138 272 3192; x_wconf 87' lang='lat' dir='ltr'>ist</span> <span class='ocrx_word' id='word_1_246' title='bbox 289 3137 468 3206; x_wconf 79' lang='lat' dir='ltr'>begrdndet“.</span> <span class='ocrx_word' id='word_1_247' title='bbox 486 3166 520 3177; x_wconf 94' lang='lat'>-</span> <span class='ocrx_word' id='word_1_248' title='bbox 540 3137 725 3204; x_wconf 61' lang='lat' dir='ltr'>malco]</span> <span class='ocrx_word' id='word_1_249' title='bbox 744 3137 804 3192; x_wconf 81' lang='lat' dir='ltr'>Anl.</span> <span class='ocrx_word' id='word_1_250' title='bbox 823 3135 855 3192; x_wconf 83' lang='lat' dir='ltr'>G.</span> 
     </span>
    </p>

    <p class='ocr_par' dir='ltr' id='par_1_6' title="bbox 90 3222 1317 3562">
     <span class='ocr_line' id='line_1_28' title="bbox 167 3222 1316 3295; baseline -0.003 -15"><span class='ocrx_word' id='word_1_251' title='bbox 167 3239 192 3281; x_wconf 78' lang='grc' dir='ltr'>ι.</span> <span class='ocrx_word' id='word_1_252' title='bbox 215 3243 269 3295; x_wconf 81' lang='lat' dir='ltr'>pro</span> <span class='ocrx_word' id='word_1_253' title='bbox 292 3227 382 3295; x_wconf 80' lang='lat' dir='ltr'>cultu]</span> <span class='ocrx_word' id='word_1_254' title='bbox 408 3227 471 3293; x_wconf 82' lang='lat' dir='ltr'>„fiir</span> <span class='ocrx_word' id='word_1_255' title='bbox 493 3227 535 3280; x_wconf 89' lang='lat' dir='ltr'>die</span> <span class='ocrx_word' id='word_1_256' title='bbox 552 3227 757 3281; x_wconf 82' lang='lat' dir='ltr'>lebenswaise“.</span> <span class='ocrx_word' id='word_1_257' title='bbox 783 3257 817 3265; x_wconf 96' lang='lat'>-</span> <span class='ocrx_word' id='word_1_258' title='bbox 840 3242 929 3294; x_wconf 78' lang='lat' dir='ltr'>supra</span> <span class='ocrx_word' id='word_1_259' title='bbox 947 3226 1019 3280; x_wconf 75' lang='lat' dir='ltr'>hauc</span> <span class='ocrx_word' id='word_1_260' title='bbox 1036 3222 1204 3292; x_wconf 59' lang='lat' dir='ltr'>memoriam</span> <span class='ocrx_word' id='word_1_261' title='bbox 1227 3238 1316 3292; x_wconf 71' lang='lat' dir='ltr'>supra</span> 
     </span>
     <span class='ocr_line' id='line_1_29' title="bbox 93 3311 1317 3384; baseline -0.002 -15"><span class='ocrx_word' id='word_1_262' title='bbox 93 3317 203 3384; x_wconf 86' lang='lat' dir='ltr'>„vor“;</span> <span class='ocrx_word' id='word_1_263' title='bbox 226 3316 272 3370; x_wconf 75' lang='lat' dir='ltr'>late</span> <span class='ocrx_word' id='word_1_264' title='bbox 294 3316 369 3369; x_wconf 80' lang='lat' dir='ltr'>steht</span> <span class='ocrx_word' id='word_1_265' title='bbox 390 3315 430 3370; x_wconf 78' lang='lat' dir='ltr'>oft</span> <span class='ocrx_word' id='word_1_266' title='bbox 451 3315 493 3369; x_wconf 80' lang='lat' dir='ltr'>fiir</span> <span class='ocrx_word' id='word_1_267' title='bbox 515 3321 620 3382; x_wconf 61' lang='lat' dir='ltr'>anetem</span> <span class='ocrx_word' id='word_1_268' title='bbox 644 3317 771 3370; x_wconf 66' lang='lat' dir='ltr'>memoror</span> <span class='ocrx_word' id='word_1_269' title='bbox 789 3332 810 3369; x_wconf 92' lang='lat' dir='ltr'>s.</span> <span class='ocrx_word' id='word_1_270' title='bbox 828 3314 895 3384; x_wconf 80' lang='lat' dir='ltr'>Kap.</span> <span class='ocrx_word' id='word_1_271' title='bbox 913 3315 939 3381; x_wconf 84' lang='lat'>3,</span> <span class='ocrx_word' id='word_1_272' title='bbox 958 3315 983 3370; x_wconf 80' lang='lat' dir='ltr'>d.</span> <span class='ocrx_word' id='word_1_273' title='bbox 1008 3343 1041 3354; x_wconf 90' lang='lat'>-</span> <span class='ocrx_word' id='word_1_274' title='bbox 1066 3314 1149 3368; x_wconf 78' lang='lat' dir='ltr'>iustis</span> <span class='ocrx_word' id='word_1_275' title='bbox 1170 3311 1317 3378; x_wconf 62' lang='lat' dir='ltr'>funeratus</span> 
     </span>
     <span class='ocr_line' id='line_1_30' title="bbox 91 3400 1316 3474; baseline -0.007 -12"><span class='ocrx_word' id='word_1_276' title='bbox 91 3404 238 3474; x_wconf 66' lang='lat' dir='ltr'>conferetis]</span> <span class='ocrx_word' id='word_1_277' title='bbox 263 3405 328 3459; x_wconf 80' lang='lat' dir='ltr'>Also</span> <span class='ocrx_word' id='word_1_278' title='bbox 352 3408 409 3459; x_wconf 88' lang='lat' dir='ltr'>erst</span> <span class='ocrx_word' id='word_1_279' title='bbox 432 3405 520 3459; x_wconf 89' lang='lat' dir='ltr'>wurde</span> <span class='ocrx_word' id='word_1_280' title='bbox 545 3405 587 3459; x_wconf 91' lang='lat' dir='ltr'>die</span> <span class='ocrx_word' id='word_1_281' title='bbox 611 3405 714 3458; x_wconf 84' lang='lat' dir='ltr'>ilbliche</span> <span class='ocrx_word' id='word_1_282' title='bbox 731 3405 895 3472; x_wconf 86' lang='lat' dir='ltr'>Bestattung</span> <span class='ocrx_word' id='word_1_283' title='bbox 917 3403 1054 3473; x_wconf 78' lang='lat' dir='ltr'>beandigt,</span> <span class='ocrx_word' id='word_1_284' title='bbox 1079 3402 1148 3456; x_wconf 80' lang='lat' dir='ltr'>donn</span> <span class='ocrx_word' id='word_1_285' title='bbox 1172 3401 1234 3455; x_wconf 80' lang='lat' dir='ltr'>land</span> <span class='ocrx_word' id='word_1_286' title='bbox 1255 3400 1316 3470; x_wconf 85' lang='lat' dir='ltr'>jene</span> 
     </span>
     <span class='ocr_line' id='line_1_31' title="bbox 90 3496 380 3562; baseline 0.003 -14"><span class='ocrx_word' id='word_1_287' title='bbox 90 3496 285 3562; x_wconf 82' lang='lat' dir='ltr'>Verbrennung</span> <span class='ocrx_word' id='word_1_288' title='bbox 303 3497 380 3549; x_wconf 79' lang='lat' dir='ltr'>statt.</span> 
     </span>
    </p>

    <p class='ocr_par' dir='ltr' id='par_1_7' title="bbox 89 3575 1317 4007">
     <span class='ocr_line' id='line_1_32' title="bbox 164 3575 1317 3652; baseline -0.004 -15"><span class='ocrx_word' id='word_1_289' title='bbox 164 3582 245 3652; x_wconf 68' lang='grc' dir='ltr'>Καρ.</span> <span class='ocrx_word' id='word_1_290' title='bbox 264 3582 313 3638; x_wconf 74' lang='lat'>20.</span> <span class='ocrx_word' id='word_1_291' title='bbox 356 3596 376 3637; x_wconf 90' lang='grc' dir='ltr'>ι.</span> <span class='ocrx_word' id='word_1_292' title='bbox 400 3582 546 3650; x_wconf 72' lang='lat' dir='ltr'>cmmode]</span> <span class='ocrx_word' id='word_1_293' title='bbox 563 3583 595 3651; x_wconf 87' lang='lat' dir='ltr'>V,</span> <span class='ocrx_word' id='word_1_294' title='bbox 615 3585 657 3649; x_wconf 88' lang='lat'>11,</span> <span class='ocrx_word' id='word_1_295' title='bbox 677 3585 701 3638; x_wconf 82' lang='lat'>5.</span> <span class='ocrx_word' id='word_1_296' title='bbox 721 3612 755 3622; x_wconf 94' lang='lat'>-</span> <span class='ocrx_word' id='word_1_297' title='bbox 773 3599 816 3638; x_wconf 82' lang='lat' dir='ltr'>res</span> <span class='ocrx_word' id='word_1_298' title='bbox 830 3575 955 3650; x_wconf 77' lang='lat' dir='ltr'>publica]</span> <span class='ocrx_word' id='word_1_299' title='bbox 976 3579 1197 3648; x_wconf 70' lang='lat' dir='ltr'>„Gemeinwesen</span> <span class='ocrx_word' id='word_1_300' title='bbox 1216 3579 1317 3634; x_wconf 82' lang='lat' dir='ltr'>Stoats·</span> 
     </span>
     <span class='ocr_line' id='line_1_33' title="bbox 91 3668 1316 3740; baseline -0.002 -14"><span class='ocrx_word' id='word_1_301' title='bbox 91 3673 210 3726; x_wconf 79' lang='lat' dir='ltr'>wesen“.</span> <span class='ocrx_word' id='word_1_302' title='bbox 235 3702 268 3709; x_wconf 92' lang='lat'>—</span> <span class='ocrx_word' id='word_1_303' title='bbox 291 3672 431 3740; x_wconf 69' lang='lat' dir='ltr'>amatura]</span> <span class='ocrx_word' id='word_1_304' title='bbox 454 3672 588 3726; x_wconf 75' lang='lat' dir='ltr'>ubersetze</span> <span class='ocrx_word' id='word_1_305' title='bbox 606 3672 689 3726; x_wconf 83' lang='lat' dir='ltr'>durch</span> <span class='ocrx_word' id='word_1_306' title='bbox 708 3672 941 3739; x_wconf 81' lang='lat' dir='ltr'>‚,Bestimmung“,</span> <span class='ocrx_word' id='word_1_307' title='bbox 960 3688 992 3724; x_wconf 83' lang='lat' dir='ltr'>zu</span> <span class='ocrx_word' id='word_1_308' title='bbox 1010 3670 1069 3726; x_wconf 88' lang='lat' dir='ltr'>dem</span> <span class='ocrx_word' id='word_1_309' title='bbox 1087 3686 1134 3724; x_wconf 86' lang='lat' dir='ltr'>aus</span> <span class='ocrx_word' id='word_1_310' title='bbox 1153 3669 1257 3738; x_wconf 65' lang='lat' dir='ltr'>leuibus</span> <span class='ocrx_word' id='word_1_311' title='bbox 1274 3668 1316 3722; x_wconf 90' lang='lat' dir='ltr'>ein</span> 
     </span>
     <span class='ocr_line' id='line_1_34' title="bbox 90 3756 1316 3830; baseline -0.004 -16"><span class='ocrx_word' id='word_1_312' title='bbox 90 3760 219 3830; x_wconf 80' lang='lat' dir='ltr'>Adjelrtiv</span> <span class='ocrx_word' id='word_1_313' title='bbox 243 3777 274 3814; x_wconf 81' lang='lat' dir='ltr'>zu</span> <span class='ocrx_word' id='word_1_314' title='bbox 297 3760 453 3815; x_wconf 85' lang='lat' dir='ltr'>entnchmen</span> <span class='ocrx_word' id='word_1_315' title='bbox 476 3761 521 3815; x_wconf 91' lang='lat' dir='ltr'>ist.</span> <span class='ocrx_word' id='word_1_316' title='bbox 548 3789 579 3800; x_wconf 82' lang='lat'>—</span> <span class='ocrx_word' id='word_1_317' title='bbox 605 3775 715 3816; x_wconf 70' lang='lat' dir='ltr'>rumen</span> <span class='ocrx_word' id='word_1_318' title='bbox 737 3765 789 3815; x_wconf 82' lang='lat' dir='ltr'>aut</span> <span class='ocrx_word' id='word_1_319' title='bbox 810 3758 901 3828; x_wconf 79' lang='lat' dir='ltr'>famu]</span> <span class='ocrx_word' id='word_1_320' title='bbox 927 3758 1135 3828; x_wconf 76' lang='lat' dir='ltr'>„geriichtweise</span> <span class='ocrx_word' id='word_1_321' title='bbox 1153 3757 1216 3812; x_wconf 89' lang='lat' dir='ltr'>oder</span> <span class='ocrx_word' id='word_1_322' title='bbox 1234 3756 1316 3810; x_wconf 90' lang='lat' dir='ltr'>durch</span> 
     </span>
     <span class='ocr_line' id='line_1_35' title="bbox 89 3845 1315 3918; baseline -0.003 -15"><span class='ocrx_word' id='word_1_323' title='bbox 89 3849 294 3916; x_wconf 59' lang='lat' dir='ltr'>Horcnsagen‘t</span> <span class='ocrx_word' id='word_1_324' title='bbox 313 3879 346 3888; x_wconf 97' lang='lat'>-</span> <span class='ocrx_word' id='word_1_325' title='bbox 367 3849 500 3918; x_wconf 75' lang='lat' dir='ltr'>accipere]</span> <span class='ocrx_word' id='word_1_326' title='bbox 516 3849 624 3917; x_wconf 75' lang='lat' dir='ltr'>„hiron</span> <span class='ocrx_word' id='word_1_327' title='bbox 644 3849 834 3915; x_wconf 85' lang='lat' dir='ltr'>vernehmen“;</span> <span class='ocrx_word' id='word_1_328' title='bbox 852 3849 889 3902; x_wconf 91' lang='lat' dir='ltr'>im</span> <span class='ocrx_word' id='word_1_329' title='bbox 902 3848 970 3904; x_wconf 81' lang='lat' dir='ltr'>Peri.</span> <span class='ocrx_word' id='word_1_330' title='bbox 990 3847 1108 3915; x_wconf 65' lang='lat' dir='ltr'>„nissen</span> <span class='ocrx_word' id='word_1_331' title='bbox 1131 3845 1262 3901; x_wconf 87' lang='lat' dir='ltr'>kennen“.</span> <span class='ocrx_word' id='word_1_332' title='bbox 1282 3873 1315 3884; x_wconf 93' lang='lat'>-</span> 
     </span>
     <span class='ocr_line' id='line_1_36' title="bbox 90 3937 537 4007; baseline 0 -15"><span class='ocrx_word' id='word_1_333' title='bbox 90 3937 287 4007; x_wconf 64' lang='lat' dir='ltr'>muyiatrctus]</span> <span class='ocrx_word' id='word_1_334' title='bbox 308 3937 371 4003; x_wconf 85' lang='lat' dir='ltr'>„dic</span> <span class='ocrx_word' id='word_1_335' title='bbox 388 3937 537 3992; x_wconf 84' lang='lat' dir='ltr'>Behdrde“.</span> 
     </span>
    </p>

    <p class='ocr_par' dir='ltr' id='par_1_8' title="bbox 88 4021 1318 4448">
     <span class='ocr_line' id='line_1_37' title="bbox 167 4021 1316 4096; baseline -0.003 -17"><span class='ocrx_word' id='word_1_336' title='bbox 167 4037 222 4079; x_wconf 80' lang='lat' dir='ltr'>au.</span> <span class='ocrx_word' id='word_1_337' title='bbox 240 4037 262 4080; x_wconf 85' lang='lat' dir='ltr'>e.</span> <span class='ocrx_word' id='word_1_338' title='bbox 282 4025 391 4095; x_wconf 59' lang='lat' dir='ltr'>terreri]</span> <span class='ocrx_word' id='word_1_339' title='bbox 410 4025 471 4080; x_wconf 84' lang='lat' dir='ltr'>Anl.</span> <span class='ocrx_word' id='word_1_340' title='bbox 489 4025 540 4082; x_wconf 84' lang='lat' dir='ltr'>N⁵.</span> <span class='ocrx_word' id='word_1_341' title='bbox 559 4053 593 4064; x_wconf 89' lang='lat'>-</span> <span class='ocrx_word' id='word_1_342' title='bbox 617 4027 757 4096; x_wconf 65' lang='lat' dir='ltr'>counitum</span> <span class='ocrx_word' id='word_1_343' title='bbox 777 4026 825 4094; x_wconf 75' lang='lat' dir='ltr'>eet]</span> <span class='ocrx_word' id='word_1_344' title='bbox 843 4025 889 4092; x_wconf 88' lang='lat' dir='ltr'>IV,</span> <span class='ocrx_word' id='word_1_345' title='bbox 909 4027 952 4093; x_wconf 88' lang='grc'>19,</span> <span class='ocrx_word' id='word_1_346' title='bbox 970 4027 995 4080; x_wconf 74' lang='lat'>2.</span> <span class='ocrx_word' id='word_1_347' title='bbox 1014 4061 1049 4070; x_wconf 94' lang='lat'><em>-</em></span> <span class='ocrx_word' id='word_1_348' title='bbox 1071 4039 1141 4094; x_wconf 76' lang='lat' dir='ltr'>quac</span> <span class='ocrx_word' id='word_1_349' title='bbox 1159 4024 1220 4078; x_wconf 74' lang='lat' dir='ltr'>cuc</span> <span class='ocrx_word' id='word_1_350' title='bbox 1238 4021 1316 4090; x_wconf 67' lang='lat' dir='ltr'>aaut]</span> 
     </span>
     <span class='ocr_line' id='line_1_38' title="bbox 91 4112 1316 4183; baseline -0.003 -15"><span class='ocrx_word' id='word_1_351' title='bbox 91 4131 169 4182; x_wconf 76' lang='lat' dir='ltr'>„rm</span> <span class='ocrx_word' id='word_1_352' title='bbox 189 4129 355 4181; x_wconf 81' lang='lat' dir='ltr'>angemessen</span> <span class='ocrx_word' id='word_1_353' title='bbox 374 4115 524 4170; x_wconf 84' lang='lat' dir='ltr'>enschienen</span> <span class='ocrx_word' id='word_1_354' title='bbox 543 4115 609 4182; x_wconf 89' lang='lat' dir='ltr'>ist“‚</span> <span class='ocrx_word' id='word_1_355' title='bbox 632 4115 747 4168; x_wconf 74' lang='lat' dir='ltr'>ndmlieh</span> <span class='ocrx_word' id='word_1_356' title='bbox 769 4131 797 4168; x_wconf 90' lang='lat' dir='ltr'>es</span> <span class='ocrx_word' id='word_1_357' title='bbox 819 4113 922 4183; x_wconf 83' lang='lat' dir='ltr'>geheim</span> <span class='ocrx_word' id='word_1_358' title='bbox 940 4114 1094 4179; x_wconf 71' lang='lat' dir='ltr'>rebeliem</span> <span class='ocrx_word' id='word_1_359' title='bbox 1117 4113 1211 4166; x_wconf 86' lang='lat' dir='ltr'>cbenso</span> <span class='ocrx_word' id='word_1_360' title='bbox 1228 4112 1267 4165; x_wconf 92' lang='lat' dir='ltr'>ist</span> <span class='ocrx_word' id='word_1_361' title='bbox 1284 4127 1316 4164; x_wconf 84' lang='lat' dir='ltr'>zu</span> 
     </span>
     <span class='ocr_line' id='line_1_39' title="bbox 90 4199 1316 4271; baseline -0.006 -13"><span class='ocrx_word' id='word_1_362' title='bbox 90 4219 148 4258; x_wconf 72' lang='lat' dir='ltr'>esec</span> <span class='ocrx_word' id='word_1_363' title='bbox 170 4217 206 4256; x_wconf 74' lang='lat' dir='ltr'>aa</span> <span class='ocrx_word' id='word_1_364' title='bbox 227 4219 282 4256; x_wconf 73' lang='lat' dir='ltr'>usic</span> <span class='ocrx_word' id='word_1_365' title='bbox 299 4205 331 4270; x_wconf 84' lang='lat' dir='ltr'>(e.</span> <span class='ocrx_word' id='word_1_366' title='bbox 350 4202 396 4270; x_wconf 90' lang='lat' dir='ltr'>IV,</span> <span class='ocrx_word' id='word_1_367' title='bbox 415 4204 458 4270; x_wconf 80' lang='lat'>20,</span> <span class='ocrx_word' id='word_1_368' title='bbox 477 4204 505 4269; x_wconf 77' lang='lat'>2)</span> <span class='ocrx_word' id='word_1_369' title='bbox 522 4204 564 4259; x_wconf 90' lang='lat' dir='ltr'>ein</span> <span class='ocrx_word' id='word_1_370' title='bbox 587 4204 705 4258; x_wconf 86' lang='lat' dir='ltr'>Infinitiv</span> <span class='ocrx_word' id='word_1_371' title='bbox 728 4220 776 4256; x_wconf 87' lang='lat' dir='ltr'>aus</span> <span class='ocrx_word' id='word_1_372' title='bbox 798 4203 857 4256; x_wconf 91' lang='lat' dir='ltr'>dem</span> <span class='ocrx_word' id='word_1_373' title='bbox 880 4202 1017 4271; x_wconf 82' lang='lat' dir='ltr'>folgenden</span> <span class='ocrx_word' id='word_1_374' title='bbox 1040 4199 1260 4268; x_wconf 84' lang='lat' dir='ltr'>stillschweigend</span> <span class='ocrx_word' id='word_1_375' title='bbox 1284 4215 1316 4251; x_wconf 86' lang='lat' dir='ltr'>zu</span> 
     </span>
     <span class='ocr_line' id='line_1_40' title="bbox 88 4287 1318 4360; baseline -0.005 -14"><span class='ocrx_word' id='word_1_376' title='bbox 88 4296 232 4360; x_wconf 78' lang='lat' dir='ltr'>crginren.</span> <span class='ocrx_word' id='word_1_377' title='bbox 257 4319 290 4330; x_wconf 89' lang='lat'>-</span> <span class='ocrx_word' id='word_1_378' title='bbox 316 4307 366 4359; x_wconf 79' lang='lat' dir='ltr'>per</span> <span class='ocrx_word' id='word_1_379' title='bbox 391 4292 547 4359; x_wconf 64' lang='lat' dir='ltr'>omicidium]</span> <span class='ocrx_word' id='word_1_380' title='bbox 573 4292 667 4346; x_wconf 83' lang='lat' dir='ltr'>drdclrt</span> <span class='ocrx_word' id='word_1_381' title='bbox 690 4292 732 4346; x_wconf 90' lang='lat' dir='ltr'>die</span> <span class='ocrx_word' id='word_1_382' title='bbox 755 4292 808 4346; x_wconf 87' lang='lat' dir='ltr'>Art</span> <span class='ocrx_word' id='word_1_383' title='bbox 832 4291 885 4346; x_wconf 89' lang='lat' dir='ltr'>und</span> <span class='ocrx_word' id='word_1_384' title='bbox 910 4291 995 4345; x_wconf 88' lang='lat' dir='ltr'>Weise</span> <span class='ocrx_word' id='word_1_385' title='bbox 1020 4307 1082 4357; x_wconf 87' lang='lat' dir='ltr'>eus;</span> <span class='ocrx_word' id='word_1_386' title='bbox 1110 4290 1171 4344; x_wconf 78' lang='lat' dir='ltr'>wirz</span> <span class='ocrx_word' id='word_1_387' title='bbox 1196 4288 1245 4356; x_wconf 90' lang='lat' dir='ltr'>„in</span> <span class='ocrx_word' id='word_1_388' title='bbox 1270 4287 1318 4341; x_wconf 88' lang='lat' dir='ltr'>der</span> 
     </span>
     <span class='ocr_line' id='line_1_41' title="bbox 88 4379 398 4448; baseline 0.01 -16"><span class='ocrx_word' id='word_1_389' title='bbox 88 4379 398 4448; x_wconf 81' lang='lat' dir='ltr'>Vollrsversammlung“.</span> 
     </span>
    </p>
   </div>
   <div class='ocr_carea' id='block_1_4' title="bbox 0 0 1548 4920">
    <p class='ocr_par' dir='ltr' id='par_1_9' title="bbox 0 0 1548 4920">
     <span class='ocr_line' id='line_1_42' title="bbox 0 0 1548 4920; baseline 0 0"><span class='ocrx_word' id='word_1_390' title='bbox 0 0 1548 4920; x_wconf 95' lang='lat' dir='ltr'> </span> 
     </span>
    </p>
   </div>
  </div>
 </body>
</html>
