3134 4922
520 329 618 384 Comm.
637 330 669 395 V,
688 347 709 384 c.
729 331 771 384 27.
791 331 834 384 28.
1240 327 1291 390 165

62 507 231 554 manorum
255 490 443 554 conductam
459 491 609 554 Rhenum
631 491 803 564 transisse;
827 492 910 555 hanc
933 490 1039 578 adfore
1063 491 1167 556 biduo.
1201 492 1314 574 Ipso-s

62 615 134 660 rum
157 613 228 660 esse
253 597 429 674 consilium,
452 597 594 661 velintne
609 598 706 679 prius,
731 616 828 678 quam
843 597 971 661 finitimi
986 599 1135 675 sentiant,
1159 598 1289 663 eductos

62 721 96 766 ex
120 702 263 766 bibernis
287 703 405 768 milites
430 702 550 767 autad
574 703 757 768 Ciceronem
781 706 838 768 aut
862 704 902 767 ad
925 705 1102 768 Labienum
1125 704 1289 781 deducere,

63 826 200 890 qnorum
235 810 318 873 alter
346 811 434 874 milia
463 828 618 893 passuum
647 810 771 874 circiter
804 810 1051 891 qninquaginta,
1083 811 1164 874 alter
1193 811 1288 893 paulo

62 915 200 998 amplius
225 916 327 980 abiis
351 917 443 980 absit.
486 915 573 980 Illud
597 935 630 980 se
653 917 794 998 polliceri
818 918 850 980 et
865 916 1069 981 iureiurando
1095 917 1289 995 confirmare,
1304 932 1332 973 ιο

61 1024 172 1087 tutum
194 1021 257 1087 iter
280 1041 337 1105 per
359 1023 437 1087 fines
461 1022 622 1086 daturum.
668 1021 761 1100 Quod
785 1041 858 1086 cum
881 1022 986 1096 faciat,
1010 1025 1043 1087 et
1066 1024 1188 1087 civitati
1218 1042 1289 1088 sese
1303 1038 1331 1078 ιι

61 1129 235 1205 consulere,
260 1129 344 1210 quod
366 1129 506 1194 hibernis
529 1130 662 1206 levetur,
686 1130 719 1193 et
743 1128 872 1193 Caesari
894 1147 950 1211 pro
975 1129 1042 1194 eins
1071 1130 1194 1194 meritis
1218 1149 1290 1212 gra-

61 1235 142 1300 tiam
165 1235 293 1300 referre.
338 1235 408 1301 Hac
431 1236 571 1300 oratione
595 1235 704 1300 habita
729 1235 863 1299 discedit
885 1236 1056 1299 Ambiorix.

150 1341 322 1424 Arpineius
347 1345 379 1406 et
393 1342 516 1419 Iunius,
543 1360 623 1424 quae
648 1342 828 1418 audierunt,
852 1341 892 1405 ad
908 1342 1030 1422 legatos
1048 1342 1203 1407 deferunt.
1237 1340 1343 1406 Illita

60 1448 229 1531 repentina
243 1467 278 1513 re
293 1449 481 1531 perturbati,
505 1448 566 1514 etsi
590 1449 629 1512 ab
652 1449 744 1513 hoste
761 1467 799 1512 ea
815 1448 1010 1524 dicebantur,
1034 1449 1143 1513 tamen
1158 1468 1221 1513 non
1236 1468 1291 1514 ne·

61 1554 219 1636 glegenda
235 1554 460 1619 existimabant
474 1556 675 1636 maximeque
687 1555 748 1619 hac
761 1574 794 1618 re
817 1555 1092 1638 permovebantur,
1117 1554 1201 1636 quod
1217 1556 1291 1620 civi·

64 1664 168 1726 tstem
191 1661 364 1742 ignobilem
387 1663 483 1742 atque
506 1661 663 1726 humilem
685 1662 871 1726 Eburonum
895 1679 954 1724 sua
970 1663 1081 1743 sponte
1097 1662 1213 1744 populo
1229 1662 1292 1726 Ro-

61 1786 157 1832 mano
173 1767 295 1832 bellum
311 1766 414 1831 facere
431 1785 543 1832 ausam
558 1767 610 1832 vix
627 1769 695 1831 erat
712 1766 914 1832 credendum.
936 1767 1051 1849 Itaque
1068 1767 1109 1831 ad
1124 1768 1315 1832 consilium

61 1894 130 1939 rem
154 1873 319 1951 deferunt,
341 1892 523 1955 magnaque
555 1874 639 1938 inter
669 1891 721 1938 cos
750 1873 875 1938 exsistit
906 1874 1128 1938 controversia.
1173 1874 1315 1938 Lucius³

62 1981 300 2045 Aurunculeius
324 1981 566 2064 compluresque
590 1981 711 2044 tribuni
733 1980 874 2044 militum
898 1981 930 2044 et
945 1980 1120 2062 primorum
1144 1980 1291 2044 ordinum

64 2087 266 2152 centuriones
290 2088 370 2150 nihil
392 2090 512 2151 temero
537 2087 697 2168 agendum
721 2105 824 2167 neque
848 2105 885 2150 ex
908 2085 1049 2150 bibernis
1071 2087 1195 2150 iniussu
1213 2086 1291 2150 an-

63 2195 143 2259 saris
178 2193 407 2259 discedendum
438 2194 679 2258 existimabant:
712 2193 897 2274 quantasvis
929 2192 1034 2276 copias
1058 2191 1315 2257 Germanorum

65 2302 218 2366 sustineri
249 2319 341 2383 possa
372 2302 503 2364 munitis
531 2301 672 2364 hibernis
702 2299 873 2374 docebant;
902 2317 971 2362 rem
1002 2317 1070 2362 esse
1101 2299 1291 2375 testimonio,

63 2408 148 2489 quod
178 2407 321 2491 primum
350 2408 493 2471 hostium
523 2407 680 2490 impetum
709 2406 821 2469 multis
853 2407 936 2469 ultro
966 2405 1151 2469 vulneribus
1182 2404 1290 2467 inlatis

98 2563 160 2569 ——.
168 2561 278 2568 —---—-

136 2668 150 2712 8
171 2674 193 2706 ιι.
215 2669 238 2710 a.
258 2654 433 2721 coroduotum]
452 2655 530 2707 ndml.
550 2653 682 2721 mercede;
701 2654 728 2706 in
747 2653 793 2706 der
811 2643 994 2719 bbersetzung
1012 2650 1135 2704 verbinde
1153 2650 1201 2702 das
1219 2649 1291 2704 Part.

63 2747 113 2799 mit
128 2745 339 2800 Gemnouorum.
359 2771 392 2780 -
411 2743 545 2811 ipsorum]
563 2742 664 2796 lautete
682 2743 710 2795 in
724 2741 840 2794 direkter
853 2739 938 2793 Reda:
957 2744 1085 2794 autrum.
1106 2766 1140 2776 -
1160 2743 1239 2792 tuum
1253 2743 1293 2791 est

63 2832 220 2901 boantium]
242 2832 301 2899 „du
319 2832 383 2884 hast
400 2831 484 2884 solbet
502 2848 534 2884 zu
552 2830 757 2896 entscbeiden“;
783 2827 958 2883 woriiber?
982 2828 1053 2880 kann
1071 2826 1138 2880 auch
1156 2827 1192 2878 im
1210 2827 1293 2879 Deut-

63 2924 143 2976 soben
161 2921 245 2975 durch
264 2920 340 2974 cinon
358 2920 504 2973 indirelrtcn
524 2918 665 2987 lbagosatz
683 2918 860 2986 ausgedriiolrt
877 2916 988 2970 werden.
1008 2944 1042 2954 -
1061 2914 1172 2969 edocetos
1186 2954 1192 2966 .
1204 2953 1227 2968 ..
1247 2914 1292 2967 de-

63 3011 174 3078 ducere]
195 3010 271 3077 „fort
288 3009 343 3063 und
362 3026 393 3062 zu
473 3008 598 3062 fiihren“.

139 3111 169 3152 ro
190 3117 214 3150 u.
239 3111 278 3153 ιι.
298 3099 350 3152 iter
369 3097 447 3165 dure]
468 3095 632 3164 „Durchzug
649 3095 819 3163 gewbhren‘l.
841 3123 873 3131 -
893 3091 968 3161 quod
981 3109 1042 3147 cum
1054 3089 1155 3159 faciut]
1175 3091 1292 3144 Bonutze

65 3190 123 3243 dni.
143 3189 182 3243 D!
212 3216 246 3227 --
276 3186 390 3253 leuetur]
418 3186 467 3239 Die
485 3184 722 3254 Winterquartiare
745 3182 848 3236 werden
871 3181 911 3234 als
935 3181 991 3234 eino
1009 3180 1074 3233 Last
1091 3179 1134 3233 iiir
1151 3179 1207 3232 sein
1225 3177 1293 3232 Volk

65 3277 224 3343 bezeichnet,
244 3293 294 3329 ron
313 3274 359 3327 dar
377 3291 405 3328 er
423 3291 451 3328 es
469 3273 582 3328 boireien
601 3272 662 3326 will.
683 3300 717 3312 -
735 3273 788 3325 buc
806 3270 931 3324 oratiom
949 3269 1058 3337 babitu]
1077 3267 1137 3323 Aul.
1152 3266 1185 3321 Κ.

135 3364 215 3433 Kasp.
229 3363 278 3420 28.
319 3375 340 3417 ¹.
355 3361 528 3431 perturbati]
551 3361 593 3416 Sia
617 3361 710 3414 lielsan
735 3360 791 3413 sich
809 3358 893 3413 durch
910 3358 958 3412 das
981 3358 1156 3410 unoruartatc
1174 3355 1294 3424 Ereignis

66 3455 216 3511 verbldffen.
236 3484 269 3492 -
289 3451 436 3521 nepleqere]
455 3449 521 3521 Kap.
543 3451 566 3516 7,
587 3452 611 3504 7.
631 3477 667 3488 -
680 3446 845 3517 permovere]
864 3445 910 3512 IV,
929 3445 972 3513 25,
991 3446 1016 3499 2.
1037 3444 1163 3513 -quod
1246 3443 1295 3498 oia

65 3552 124 3600 erat
143 3540 323 3608 credendum]
341 3540 396 3594 last
409 3565 441 3582 =
456 3538 617 3594 incredibile
635 3541 704 3592 erat.
723 3566 759 3574 -
780 3552 834 3590 sua
852 3533 959 3603 moute]
986 3533 1012 3596 1)
1032 3549 1103 3600 „aus
1121 3532 1223 3600 signem
1241 3531 1296 3585 An·

66 3634 172 3699 trieb“;
192 3633 221 3697 2)
240 3630 309 3698 „aul
325 3629 414 3698 eigana
432 3628 519 3695 Hand,
538 3628 580 3681 fiir
599 3626 653 3680 sich
674 3625 784 3680 allein“.
804 3653 837 3662 —
856 3621 971 3689 audere]
991 3620 1051 3675 Anl.
1070 3620 1102 3674 U.

139 3733 153 3774 ι
172 3739 197 3774 ιι,
220 3733 243 3776 a.
263 3719 419 3786 seruilium]
437 3717 542 3771 Diesem
555 3715 694 3783 Kriegsrat
712 3714 821 3768 wohnen
839 3711 926 3765 aulsor
945 3711 996 3764 den
1012 3709 1150 3764 Olfiaieren
1167 3709 1235 3763 auch
1253 3708 1296 3762 die

65 3811 166 3864 Fiibrer
184 3809 232 3862 der
250 3811 341 3861 ersten
359 3806 500 3862 Conturian
518 3805 567 3859 bei.
599 3835 632 3842 -
659 3802 738 3870 ordo]
757 3802 909 3856 bezeichnst
927 3801 954 3865 1)
974 3799 1015 3852 die
1034 3798 1170 3863 Centurie3
1199 3799 1226 3862 2)
1245 3796 1296 3850 dan

65 3899 260 3967 Contrarionen3
279 3897 307 3961 3)
325 3896 375 3948 den
394 3895 478 3962 Rang,
497 3894 539 3947 die
558 3893 646 3946 stelle.

138 4001 163 4042 4.
183 3985 350 4058 quantaeuis
367 3984 471 4052 copiae]
492 3982 570 4051 „jede
584 3981 651 4035 noch
665 3996 694 4034 so
707 3979 794 4048 grosse
809 3977 1013 4032 Streitmacbt“.
1033 4006 1067 4013 -
1086 3973 1230 4042 sustinere]
1248 3972 1294 4039 IV,

64 4080 90 4144 3,
106 4079 131 4131 1.
148 4105 181 4116 -
202 4073 310 4140 doaso]
329 4073 396 4143 Kap.
411 4074 436 4139 1,
451 4073 475 4126 7.
495 4101 529 4110 -
548 4069 602 4138 res]
622 4069 691 4136 „das
705 4066 880 4134 Geschehane,
896 4067 942 4120 der
954 4065 1064 4118 Verlanf
1076 4063 1123 4117 der
1135 4062 1247 4116 Sacha“.
1261 4090 1295 4099 -

64 4165 162 4220 multis
242 4162 353 4229 demtis]
382 4161 484 4215 schiabe
509 4176 556 4213 ans
575 4158 647 4212 Eudo
671 4157 717 4211 des
735 4155 825 4210 Satzes
844 4155 898 4208 und
917 4154 996 4208 ordne
1019 4170 1047 4207 es
1071 4152 1130 4206 dom
1148 4147 1297 4217 Satzgliede

64 4252 141 4324 quood
253 4251 449 4307 mundaum
476 4249 532 4302 bei:
561 4246 639 4315 „und
665 4245 732 4298 noch
760 4243 923 4298 obendroin“
952 4260 978 4297 u.
1006 4258 1027 4296 s.
1052 4258 1097 4307 w.;
1125 4239 1226 4293 cobus
1250 4235 1296 4303 IV,

62 4343 107 4410 37,
125 4343 155 4397 3.
