3086 4920
255 371 308 432 216
745 375 785 427 Ile
802 374 870 428 bello
889 371 988 428 Gallico

232 537 438 601 srunouleius
462 535 621 600 hiemandi
644 553 741 600 eausa
763 535 977 600 consederant.
1016 535 1110 598 Hune
1134 554 1206 598 oum
1230 536 1360 616 reliquis
1382 513 1467 600 iebus

256 644 360 708 looum
375 643 532 726 probarat,
556 644 625 706 tum
650 642 734 723 quod
757 642 925 724 superioris
938 642 1021 705 anni
1041 641 1232 705 munitiones
1253 643 1394 723 integrae
1409 661 1468 705 ma-

181 733 184 738 *
256 751 389 826 nebant,
420 753 457 812 ut
485 749 624 813 militum
654 749 794 813 laborem
825 749 1013 812 sublevaret.
1058 748 1220 811 Praesidio
1243 748 1467 831 impedimentis

256 857 412 940 legionem
429 855 733 937 quartamdecimam
754 855 892 936 reliquit,
914 874 1012 918 unam
1036 874 1073 920 ex
1095 854 1146 918 bis
1169 855 1282 931 tribue,
1306 873 1386 936 quas
1407 874 1467 938 pro
1517 873 1518 906 1

232 963 338 1028 exime
362 963 554 1045 oousoriptas
578 981 615 1026 er
636 961 733 1026 Italia
755 960 947 1025 traduxerat.
984 961 1023 1024 Ei
1046 961 1162 1042 legioni
1185 962 1365 1043 uestrisque
1382 961 1466 1041 Quin-

257 1072 326 1133 tum
349 1069 489 1133 Tullium
513 1067 696 1160 Oioeronem
719 1067 862 1151 praefinit
884 1068 1100 1149 ducentosque
1124 1068 1247 1148 equites
1272 1069 1425 1133 attribuit.

203 1179 244 1240 33
344 1175 467 1238 Partito
490 1174 631 1238 exereitu
653 1175 763 1238 Titum
784 1175 961 1239 Labienum
991 1193 1065 1238 oum
1093 1174 1270 1255 legionibus
1302 1175 1405 1240 tribus
1434 1175 1465 1238 ad
1518 1255 1519 1260 ἵ

258 1281 417 1347 Ooeanum
434 1300 545 1346 versus
569 1281 602 1344 in
625 1299 679 1346 eas
702 1283 818 1364 partes,
842 1299 923 1363 quae
938 1281 1102 1363 Menapios
1127 1281 1300 1363 attingunt,
1323 1282 1466 1365 profieisei

232 1391 361 1463 liubet;
393 1388 508 1454 Gaium
532 1389 721 1453 Trebonium
745 1407 817 1453 oum
840 1389 909 1471 pari
931 1389 1093 1469 legionum
1116 1407 1248 1452 numero
1272 1389 1314 1452 ad
1338 1407 1408 1453 eam
1429 1408 1468 1451 re·

232 1497 397 1578 agionem,
428 1513 508 1576 quae
539 1495 578 1558 ad
601 1495 784 1560 Aduatucos
814 1495 954 1573 adiacet,
986 1493 1240 1578 depopulandam
1263 1496 1384 1570 mittit;
1412 1497 1469 1578 ipse

258 1621 330 1667 oum
353 1602 483 1683 reliquis
506 1601 608 1665 tribus
638 1601 678 1665 ad
707 1600 826 1665 fiumen
851 1600 1011 1678 Soaldem,
1042 1601 1127 1683 quod
1155 1600 1261 1664 influit
1290 1602 1325 1664 in
1348 1603 1469 1678 Mosam,
1519 1607 1520 1614 ³

257 1711 477 1789 extremasque
508 1706 697 1772 Arduennae
729 1709 836 1790 partes
871 1708 917 1771 ire
952 1708 1132 1785 oonst'tuit,
1167 1726 1228 1789 quo
1263 1727 1338 1772 oum
1372 1709 1467 1792 pauois

231 1815 417 1897 seqnitibus
449 1813 624 1897 profectum
647 1813 861 1896 Ambiorigem
891 1814 1047 1878 audiebat.
1092 1814 1265 1878 Discedens
1295 1817 1370 1898 post
1397 1816 1467 1879 diem

259 1922 430 2005 septimum
453 1939 521 1985 sese
550 1939 753 1984 reversurum
775 1921 958 1995 oonfirmat3
989 1940 1087 2002 quam
1116 1921 1155 1985 ad
1184 1920 1269 1985 diem
1299 1923 1329 1986 ei
1357 1921 1468 2004 legioni,
1520 1929 1521 1972 ἲ

233 2046 339 2110 oquae
363 2028 396 2091 in
422 2027 577 2110 praesidio
607 2027 860 2108 relinquebatur,
884 2027 990 2092 deberi
1018 2027 1215 2092 frumentum
1246 2029 1376 2093 soiebat.
1418 2029 1468 2092 La·

257 2135 385 2199 bienum
415 2134 666 2214 Treboniumque
695 2134 858 2210 hortatur,
893 2133 921 2197 si
955 2134 1144 2217 reipublicae
1179 2135 1345 2200 commodo
1379 2135 1468 2200 faeere

258 2241 389 2323 possint,
413 2239 452 2305 ad
477 2258 547 2305 eam
570 2240 654 2304 diem
669 2242 879 2317 revertantur,
901 2242 940 2303 ut
961 2259 1073 2304 rursus
1098 2241 1331 2306 eommunioato
1353 2241 1468 2306 oonsilio

259 2347 490 2431 exploratisque
512 2347 654 2411 hostium
677 2347 853 2411 rationibus
877 2347 962 2411 aliud
982 2347 1109 2411 initium
1125 2348 1199 2411 belli
1215 2365 1327 2430 sapere
1343 2349 1467 2432 possent.

205 2455 248 2517 34
346 2455 434 2530 Erat,
457 2455 495 2517 ut
518 2457 613 2536 supra
637 2454 933 2531 demonstravimus,
955 2473 1071 2518 manus
1092 2457 1179 2518 eerta
1193 2455 1292 2530 nulla,
1316 2474 1380 2519 non
1395 2455 1467 2538 oppi-

259 2561 343 2640 dum,
359 2580 423 2625 non
437 2560 639 2643 praesidium,
656 2560 738 2642 quod
755 2579 788 2624 se
804 2560 1110 2638 armis'defenderet,
1127 2561 1182 2626 sed
1197 2562 1231 2625 in
1246 2580 1358 2626 omnes
1373 2564 1468 2646 partes
1522 2641 1523 2650 ἵ

331 2803 343 2843 o
364 2809 386 2844 u.
409 2803 431 2843 a.
450 2789 564 2858 reliquis
578 2790 669 2858 robae]
687 2806 731 2844 aas
749 2791 786 2844 ist
804 2791 874 2844 eines
893 2791 939 2844 der
952 2790 1050 2858 Mittel,
1069 2791 1152 2845 duroh
1171 2790 1280 2845 welches
1299 2791 1347 2846 der
1359 2792 1466 2846 Inteiaer

260 2879 413 2948 „Hinsiobt
432 2878 599 2932 Rdeksioht“
619 2881 724 2934 ersetzt.
744 2907 777 2916 -
793 2879 926 2948 probam]
943 2879 1009 2950 Kap.
1025 2881 1068 2947 23,
1087 2881 1112 2935 7.
1133 2911 1166 2920 -—
1184 2881 1304 2950 intepet]
1324 2881 1387 2934 Was
1399 2896 1465 2934 nnan-

257 2970 375 3038 gotastet
392 2967 438 3033 ist,
456 2966 572 3021 befiudet
590 2967 645 3021 sich
663 2968 729 3022 noeb
747 2968 774 3022 in
792 2972 882 3037 gutem
902 2968 1041 3023 Zustande.
1070 2998 1103 3009 —
1131 2970 1250 3038 manere]
1276 2986 1296 3024 s.
1319 2981 1468 3039 pannosae

257 3057 323 3127 Kap.
343 3057 386 3122 24,
405 3057 430 3109 4.
451 3085 484 3094 -
503 3056 636 3124 militam]
654 3057 817 3110 lronstruiere
835 3057 871 3110 im
889 3057 1041 3110 Deutseben
1060 3074 1118 3110 zum
1136 3057 1263 3111 Verbum!
1290 3087 1324 3096 -
1345 3054 1468 3128 praetuta]

258 3146 371 3202 zeitlioh.
391 3155 424 3186 —'
443 3144 608 3214 attribuere]
630 3146 809 3214 „beigeben“.

329 3234 406 3303 Καρ.
425 3235 472 3291 33.
514 3246 588 3289 1—a.
608 3235 646 3288 act
724 3234 893 3302 aasasleein
918 3234 1046 3288 seltnerer
1069 3233 1207 3288 Ausdruelr
1230 3252 1278 3288 zur
1300 3235 1468 3301 Bezeiobnung

258 3325 305 3378 der
323 3323 464 3393 Riohtnng.
485 3353 518 3364 -
537 3340 591 3393 qao
610 3353 652 3378 ;..
670 3323 815 3392 audiebat]
834 3323 886 3392 agl.
904 3322 964 3377 Aul.
983 3323 1012 3377 P.

331 3426 355 3466 a.
375 3413 524 3481 discedens]
534 3413 639 3467 tbnlieh
649 3413 696 3466 wie
704 3410 765 3466 Anl.
775 3410 821 3467 F⁸.
832 3441 865 3450 -
875 3417 939 3482 post
948 3411 1021 3466 diem
1031 3411 1186 3481 septimam]
1196 3411 1263 3466 Dals
1272 3412 1319 3466 der
1329 3413 1467 3468 sisberto

259 3501 315 3569 Tag
328 3503 442 3568 gemeint
457 3503 502 3570 sei,
517 3502 618 3571 ergiebt
632 3501 687 3555 sieb
699 3504 796 3572 apator.
812 3531 844 3540 —
860 3501 1015 3569 coufirmat]
1030 3501 1125 3554 driielrt
1134 3500 1385 3556 dieBestimmthoit
1396 3501 1466 3555 seina

259 3590 407 3659 Erlrlitruug
421 3608 476 3645 aus.
492 3621 525 3630 -
544 3608 626 3660 qaam
639 3590 679 3645 att
692 3589 774 3657 diem]
788 3589 830 3643 ein
843 3589 1041 3658 begrttndender
1054 3589 1229 3656 Relativsat23
1245 3589 1284 3644 ad
1299 3592 1384 3658 „an“.
1397 3619 1427 3630 ·—
1441 3588 1466 3640 ia

255 3679 413 3751 praesidio]
427 3679 482 3734 also
492 3681 563 3747 „als
572 3680 753 3748 Besatzang“.
762 3701 797 3711 -
807 3678 920 3734 debetur
929 3677 1109 3746 framentum]
1120 3679 1189 3746 „das
1199 3676 1323 3733 Getreide
1332 3681 1371 3734 ist
1377 3677 1466 3745 indiga

334 3781 357 3822 a.
375 3769 556 3836 reipublicae
570 3767 716 3837 commodo]
730 3767 762 3835 V,
776 3767 819 3834 46,
829 3767 854 3822 4.
870 3795 903 3806 ·-
918 3769 1117 3840 communicare
1130 3768 1287 3836 omittam]
1302 3769 1349 3836 IV,
1360 3769 1400 3834 13,
1408 3769 1430 3820 4.
1440 3793 1467 3803 -

260 3857 412 3926 explorata
426 3857 546 3912 boattam
563 3857 731 3924 rationibus]
750 3855 834 3911 Wenn
852 3857 894 3911 bei
913 3855 959 3910 der
972 3855 1246 3925 gemeinschaftliehen
1260 3855 1396 3924 Beratung
1404 3853 1468 3923 jeder

259 3944 399 4012 mitteilte,
427 3963 481 3999 was
499 3963 527 4000 er
545 3947 591 4000 aul
606 3947 704 4000 seinem
722 3945 793 4014 Zuge
810 3945 967 4000 boobaebtet
985 3946 1080 4012 batte,
1101 3961 1129 3998 so
1147 3945 1240 3999 lielsen
1258 3945 1315 4000 siah
1334 3943 1412 3999 durch
1427 3941 1465 3994 Zu-

260 4035 493 4104 sammenstellnng
510 4034 594 4088 dieser
612 4035 859 4104 Wabrnebmungen
877 4034 919 4088 die
937 4033 1081 4088 Absiehten
1100 4034 1147 4088 der
1164 4033 1261 4089 Feiude
1284 4034 1427 4098 ermittelu,
1442 4044 1466 4082 so

260 4124 318 4179 dass
336 4141 396 4177 man
415 4123 465 4178 don
483 4123 564 4192 Krieg
580 4124 648 4178 naolr
666 4124 749 4178 einem
766 4140 850 4178 neuen
867 4124 948 4178 Plane
966 4124 1094 4192 beginnen
1112 4123 1218 4178 konnte.

331 4211 409 4282 Καρ.
427 4213 477 4270 34·
518 4225 539 4266 r.
559 4212 633 4281 qaod
650 4229 677 4268 ae
695 4213 782 4267 armis
800 4210 969 4281 defaoderet]
998 4228 1019 4265 s.
1037 4211 1069 4278 V,
1088 4211 1131 4279 42,
1149 4213 1166 4266 3
1192 4229 1225 4266 au
1249 4228 1321 4283 quae
1394 4210 1465 4271 arttt

260 4303 354 4370 armis,
373 4302 420 4356 das
438 4302 480 4356 fiir
498 4315 549 4355 uns
566 4300 722 4369 tiberflitssig
740 4299 849 4366 sobeint,
868 4299 931 4353 tritt
948 4315 1012 4367 gera
1031 4317 1062 4353 zu
1075 4315 1108 4354 se
1127 4299 1285 4369 defendere,
1303 4317 1348 4354 um
1365 4299 1409 4353 den
1425 4293 1464 4348 all·

258 4391 420 4461 gemeineren
438 4390 540 4461 Begritl
555 4389 639 4444 dieses
656 4389 762 4443 Wortes
780 4389 826 4442 aul
841 4388 891 4442 den
908 4387 956 4454 des
973 4387 1156 4458 Verteidigens
1172 4405 1204 4443 an
1222 4389 1403 4444 besebrtukeo.
