3136 4928
223 365 278 428 834
718 369 757 424 Do
774 369 843 424 bello
862 367 962 424 Gallico

172 533 215 594 24
314 528 609 597 Bellicosisslmis
631 531 781 612 gentibus
805 530 936 595 devictis
952 529 1078 606 Caesar,
1102 549 1175 594 cum
1191 529 1317 594 videret
1332 531 1453 594 nullam

225 637 290 701 iam
314 655 383 701 esse
407 637 584 715 civitatem,
609 654 690 718 quaa
713 638 834 701 bellum
856 639 1001 721 pararet,
1025 655 1086 718 quo
1110 637 1170 700 sibi
1193 637 1377 713 resisteret,
1401 636 1452 701 sed

224 745 394 809 nonnullos
423 763 461 809 ex
488 744 610 826 oppidis
638 744 831 825 demigrare,
863 763 900 808 ex
931 744 1015 826 agris
1046 743 1201 825 diffugere
1233 741 1272 808 ad
1302 761 1456 826 praesens

224 851 394 934 imperium
417 851 611 928 evitandum,
634 852 742 934 plures
766 852 799 915 in
822 853 928 934 partes
952 851 1126 915 exercitum
1150 849 1312 916 dimittere
1339 851 1456 914 consti-

201 959 296 1022 ²tuit
342 958 385 1022 M.
408 958 583 1023 Antonium
608 960 810 1040 quaestorem
834 977 908 1022 cum
930 957 1052 1039 legione
1076 955 1264 1022 duodecima
1292 957 1355 1021 sibi
1384 976 1457 1032 oon·

224 1064 338 1146 iungit.
376 1063 410 1130 C.
429 1064 564 1129 Fabium
586 1065 730 1146 legatum
754 1083 826 1129 cum
850 1065 1031 1129 cohortibus
1053 1063 1145 1128 XXV
1168 1063 1271 1127 mittit
1294 1063 1329 1126 in
1354 1063 1460 1128 divar-

226 1171 386 1236 sissimam
416 1173 541 1254 partem
572 1169 710 1248 Galliae,
739 1171 824 1252 quod
853 1171 897 1235 ibi
928 1171 1083 1251 quasdam
1113 1170 1259 1234 civitates
1288 1170 1322 1233 in
1358 1170 1461 1233 armis

226 1297 297 1344 esse
320 1277 471 1343 audiebat
492 1296 596 1359 neque
620 1277 654 1343 C.
677 1277 849 1344 Caninium
871 1278 1020 1343 Rebilum
1051 1277 1211 1358 legatum,
1242 1276 1298 1357 qui
1329 1276 1364 1339 in
1395 1276 1460 1340 illis

225 1385 407 1466 regionibus
437 1386 521 1461 erat,
557 1385 634 1448 satis
666 1384 772 1449 firmas
803 1384 884 1448 duas
919 1385 1058 1466 legiones
1092 1384 1209 1448 habere
1241 1383 1462 1447 existimabat.

201 1491 334 1556 alitum
356 1491 533 1556 Labienum
557 1491 597 1556 ad
621 1510 654 1556 se
685 1493 812 1566 avocat;
842 1492 999 1573 legionem
1030 1493 1140 1555 autem
1162 1489 1243 1566 XV.,
1267 1508 1352 1570 quae
1384 1509 1463 1554 cum

227 1615 262 1662 eo
293 1597 399 1663 fuerat
432 1599 465 1662 iu
499 1597 654 1675 bibernis,
686 1599 720 1662 in
754 1600 898 1680 togatam
929 1597 1068 1663 Galliam
1101 1597 1203 1661 mittit
1238 1595 1280 1659 ad
1315 1597 1463 1661 colonias

226 1704 343 1770 civium
366 1704 583 1770 Romanorum
610 1704 761 1782 tuendas,
791 1723 831 1770 ne
861 1704 943 1786 quod
974 1704 1077 1768 simile
1106 1701 1346 1768 incommodum
1378 1703 1463 1768 acci·

226 1809 316 1874 deret
339 1809 523 1876 decursione
547 1811 769 1888 barbarorum,
793 1829 830 1876 ac
853 1812 1013 1894 superiore
1038 1812 1160 1875 aestate
1184 1810 1384 1891 Tergestinis
1409 1828 1463 1874 ac-

227 1914 355 1992 ciderat,
372 1917 427 1997 qui
442 1917 605 1999 repentino
620 1917 785 1982 latrocinio
802 1919 898 1998 atque
914 1917 1036 1999 impetu
1051 1917 1179 1980 illorum
1195 1917 1288 1980 eraut
1304 1915 1461 1998 oppressi.

201 2021 299 2104 ⁴Ipse
324 2020 364 2085 ad
387 2022 558 2088 vastandos
582 2023 882 2107 depopulandosque
904 2023 984 2088 fines
1007 2023 1198 2104 Ambiorigis
1226 2022 1464 2106 proficiscitur;

228 2146 324 2209 quem
346 2129 552 2210 perterritum
575 2147 612 2194 ac
635 2129 811 2211 fugientem
834 2148 907 2194 cnm
930 2128 1031 2210 redigi
1058 2147 1150 2212 posse
1180 2128 1213 2192 in
1244 2146 1340 2192 suam
1371 2133 1462 2211 pote·

227 2236 345 2300 statem
368 2234 583 2318 desperasset,
606 2239 784 2319 proximum
808 2254 884 2300 suaa
908 2235 1073 2317 dignitatis
1098 2253 1167 2299 esse
1192 2234 1348 2298 ducebat:
1380 2235 1465 2299 adeo
1559 2291 1560 2298 ,

226 2340 305 2405 fines
329 2341 397 2406 cius
420 2345 546 2407 vastare
570 2343 706 2420 civibuS,
730 2342 895 2420 aedificiis,
918 2360 1045 2425 pecore,
1067 2344 1106 2405 ut
1129 2341 1199 2406 odio
1223 2359 1359 2404 suorum
1383 2344 1464 2405 Am-

226 2448 341 2525 biorix,
365 2449 392 2512 si
416 2466 495 2530 quos
518 2448 647 2513 fortuna
669 2449 808 2531 reliquos
831 2448 976 2526 fecisset,
998 2449 1125 2513 nullum
1154 2447 1296 2512 reditum
1326 2451 1466 2530 propter

227 2556 335 2619 tantas
359 2555 558 2620 calamitates
582 2555 715 2620 haberet
737 2556 770 2619 in
794 2556 965 2620 civitatem.

173 2661 215 2722 25
316 2659 398 2749 Ovum
432 2661 465 2724 in
495 2681 604 2726 omnes
635 2665 741 2745 partes
771 2662 882 2726 finium
910 2661 1101 2743 Ambiorigis
1132 2663 1189 2724 aut
1222 2659 1367 2742 legiones
1403 2662 1466 2725 aut

227 2769 344 2832 auxilia
366 2768 541 2833 dimisisset
565 2771 661 2849 atque
685 2769 791 2833 omnia
814 2768 973 2845 caedibus,
995 2767 1160 2844 incendiis,
1183 2767 1305 2849 rapinis
1331 2771 1460 2832 vastas·

228 2878 285 2953 set,
308 2893 424 2957 magno
447 2893 580 2939 numero
603 2875 769 2940 hominum
791 2875 958 2940 interfecto
982 2877 1039 2938 aut
1061 2877 1154 2957 capto
1177 2874 1360 2940 Labienum
1385 2894 1465 2940 cum

758 3123 808 3204 ΙΙΙ.
838 3120 926 3204 Tell.

687 3249 786 3310 Καρ.
812 3249 910 3300 2411.
933 3249 989 3300 25.

296 3370 375 3437 Kap.
394 3369 447 3426 24.
490 3382 511 3425 1.
537 3370 600 3439 quo]
624 3369 698 3438 giebt
716 3369 767 3423 den
785 3369 873 3423 Zuech
893 3370 939 3424 der
956 3369 1113 3438 Riistungen
1131 3387 1174 3424 an.
1193 3399 1228 3408 -—
1248 3370 1398 3438 praeeesse]
1418 3369 1465 3424 Sia

226 3457 318 3512 wolleu
337 3457 393 3510 sich
411 3457 458 3510 der
475 3458 668 3512 rbmischan
686 3457 842 3511 Herrschaft
861 3458 1004 3512 ontziehon.

299 3574 352 3615 au.
370 3575 393 3616 a.
411 3565 481 3619 satie
497 3565 594 3631 firmas
672 3564 782 3632 babere]
801 3565 848 3618 wie
866 3564 932 3635 Kap.
951 3566 976 3631 8,
996 3566 1013 3619 2
1031 3565 1187 3634 singularis
1204 3565 1333 3619 babebat,
1357 3595 1393 3604 —-
1416 3566 1464 3619 iu·

226 3651 394 3706 commodum
412 3653 529 3721 accidit]
556 3653 758 3721 „eiu-Unglliclr
776 3653 893 3721 areignet
916 3654 1002 3708 sich“.
1029 3682 1063 3692 -
1089 3653 1262 3722 macoma]
1287 3653 1356 3707 Deis
1376 3654 1462 3708 dieser
1557 3663 1558 3678 ¹

225 3730 343 3793 Uberfall
368 3757 416 3794 von
442 3743 507 3795 oben
531 3743 579 3796 her
604 3742 802 3810 stettgefunden
827 3743 889 3810 hat,
917 3747 1053 3810 vermdgau
1083 3743 1131 3796 wir
1156 3743 1232 3796 nicht
1259 3742 1344 3796 leicht
1369 3760 1464 3796 auszu·
1557 3713 1558 3747 ³

226 3828 347 3882 driichen.
367 3855 400 3866 -
419 3830 553 3900 oppressa]
571 3830 638 3901 Kap.
658 3831 683 3896 5,
702 3831 728 3884 4.

299 3948 322 3988 r.
341 3936 534 4004 perterritum]
558 3936 693 3990 Ambiorix
711 3953 764 3988 war
783 3951 812 3989 so
829 3937 1072 4004 eingeschlichtert,
1091 3936 1150 3990 dass
1168 3953 1197 3990 ar
1214 3936 1272 3990 sich
1290 3935 1369 3991 nicht
1387 3937 1463 3990 mehr

225 4023 253 4077 in
278 4023 333 4076 sein
357 4024 501 4080 Vates-land
526 4026 716 4094 zurichuagte.
743 4053 776 4064 -
797 4027 957 4094 proximam
981 4042 1049 4080 saue
1076 4025 1224 4096 dignitatis
1248 4041 1305 4086 esse
1331 4026 1461 4094 deamat]

226 4111 295 4164 kann
319 4112 388 4166 blois
411 4113 527 4169 heifsen:
552 4131 602 4181 „ar
625 4114 693 4168 bielt
717 4114 765 4168 das
783 4113 901 4168 Ntchsta
925 4114 967 4167 fur
990 4115 1124 4182 gefordart
1148 4115 1231 4168 durch
1255 4115 1329 4169 aeine
1352 4116 1461 4182 Ehrc“;

226 4199 306 4252 worin
325 4200 409 4256 dieses
426 4203 544 4258 Niohste
562 4203 681 4269 besteht,
706 4203 771 4256 wird
794 4203 877 4256 durch
895 4203 937 4258 die
955 4204 1093 4272 folgenden
1111 4203 1246 4258 Infinitive
1264 4205 1407 4260 erliiutert
1426 4233 1461 4260 τ-

226 4289 346 4358 castare]
364 4292 415 4346 mit
432 4293 493 4348 Abl.
512 4294 550 4346 ist
568 4293 624 4347 eine
644 4293 743 4346 seltene
756 4291 957 4347 Konstnilrticn.
989 4293 1087 4348 Woran
1106 4311 1167 4348 man
1185 4297 1268 4347 etwas
1287 4293 1345 4349 lear
1362 4294 1460 4362 machi,
1556 4363 1557 4374 χ

226 4374 273 4429 das
292 4380 400 4450 vertilgt
418 4399 478 4436 man
497 4382 525 4435 in
543 4381 699 4435 demselbeu.
720 4409 752 4418 -
771 4382 889 4451 reliquos
906 4380 1025 4451 fecisset]
1043 4407 1079 4428 ==
1097 4384 1260 4452 reliquisset.
