3136 4928
249 381 303 441 818
737 384 776 437 Dc
794 385 863 438 bello
881 383 981 439 Gallico

225 563 399 610 arenorare
422 546 497 610 belli
513 545 643 610 consilia
658 547 890 610 nuntiabantur
906 547 1202 627 coniurationesque
1226 545 1342 611 lacere.
1374 547 1466 612 Cuius
1536 572 1543 597 ι

250 652 295 715 rei
318 652 497 716 verisimihs
527 670 624 716 causa
655 652 863 730 afferebatur,
894 653 977 734 quod
1002 653 1102 718 Gallis
1132 654 1280 717 omnibus
1311 655 1466 736 cognitum

249 761 334 823 esset
355 778 458 841 neque
483 759 549 823 ulla
571 757 778 824 multitudine
801 761 835 823 in
858 779 959 824 unum
983 761 1088 824 locum
1112 762 1222 825 coacta
1245 760 1353 824 resisti
1383 779 1466 844 posse
1499 791 1505 865 ξ

248 865 414 941 RomaniS,
437 885 511 942 nec,
535 866 562 929 si
585 866 710 930 diversa
732 867 816 931 bella
839 867 1017 949 complures
1042 867 1152 931 eodem
1175 870 1318 949 tempore
1349 869 1468 932 intulis·

249 976 319 1037 sent
349 973 509 1049 civitates,
540 973 618 1036 sctis
648 973 757 1036 auxilii
786 976 843 1037 aut
874 974 969 1056 spatii
1000 976 1056 1037 aut
1091 973 1254 1056 copiarum
1288 974 1465 1038 habiturum
1500 1015 1504 1084 ἐ

224 1079 422 1143 sexcrcitum
444 1079 552 1162 populi
576 1079 711 1143 Romani
735 1080 775 1144 ad
799 1080 905 1144 omnia
927 1081 1161 1163 persequenda;
1184 1099 1247 1144 non
1270 1099 1341 1144 esse
1366 1084 1465 1145 autem

248 1185 341 1250 alicui
364 1185 486 1249 civitati
510 1189 628 1251 sortem
650 1186 842 1250 incommodi
865 1187 1083 1263 recusandam,
1108 1188 1134 1250 si
1150 1187 1209 1251 tali
1225 1207 1316 1252 mora
1331 1188 1466 1269 reliquae

246 1294 377 1375 possent
400 1311 433 1356 se
457 1293 616 1358 vindicare
639 1293 673 1357 in
695 1294 886 1358 libertatem.
1501 1290 1506 1399 ξ

217 1404 235 1464 2
337 1397 425 1476 Quae
447 1417 488 1463 ne
512 1399 615 1482 opinio
640 1399 805 1464 Gallorum
828 1401 1077 1478 confirmaretur,
1101 1400 1219 1466 Caesar
1241 1402 1388 1466 Marcum
1406 1405 1462 1466 An·
1502 1402 1507 1486 l}

247 1505 370 1570 tonium
394 1508 596 1587 quaestorem
620 1507 685 1570 suis
708 1506 861 1589 praefecit
883 1507 1039 1582 hibernis,
1062 1508 1130 1590 ipse
1147 1508 1292 1588 equitum
1315 1507 1463 1591 praesidio
1503 1495 1511 1588 Γ

246 1613 345 1696 pridie
365 1613 437 1677 Kal.
459 1614 626 1678 Ianuarias
651 1614 690 1678 ab
714 1613 826 1696 oppido
847 1613 996 1678 Bibracte
1018 1614 1229 1697 proficiscitur
1251 1614 1293 1678 ad
1316 1616 1458 1696 legionem
1502 1633 1505 1708 }

246 1720 344 1798 xm,
369 1739 466 1802 quam
489 1740 552 1786 non
575 1720 667 1801 longe
689 1738 707 1784 a
727 1721 843 1785 finibus
859 1721 1065 1785 Haeduorum
1081 1721 1291 1786 collocaverat
1307 1722 1341 1785 in
1357 1721 1461 1786 finibus

219 1845 235 1888 c
246 1827 438 1909 Biturigum,
459 1827 550 1908 eique
571 1826 715 1908 adiungit
729 1827 887 1908 legionem
902 1827 966 1904 ΧΙ.,
984 1847 1064 1910 quae
1080 1829 1222 1910 proxima
1237 1827 1352 1892 fuerat.
1381 1828 1460 1891 Binis

247 1934 428 1997 cohortibus
459 1933 499 1997 ad
523 1933 751 2016 impedimenta
773 1934 894 1998 tuenda
917 1935 1035 1998 relictis
1058 1935 1219 2016 reliquum
1243 1935 1411 2000 exercitum
1429 1934 1457 1996 in
1506 1943 1509 1998 ξ

248 2038 478 2121 copiosissimos
510 2058 601 2122 agros
631 2041 815 2122 Biturigum
845 2041 982 2119 inducit,
1013 2041 1082 2122 qui,
1113 2061 1185 2106 oum
1219 2042 1301 2108 latos
1331 2042 1405 2106 fines
1430 2043 1458 2103 et
1505 2077 1506 2080 =

247 2144 409 2227 complura
432 2146 546 2229 oppida
568 2147 737 2225 haberant,
768 2148 863 2210 unius
886 2147 1017 2229 legionis
1044 2149 1186 2213 hibernis
1215 2167 1281 2213 non
1309 2148 1457 2231 potuerint

247 2251 409 2328 contineri,
433 2253 509 2333 quin
532 2253 652 2318 bellum
675 2257 825 2337 pararent
848 2255 1145 2337 coniurationesque
1169 2255 1320 2320 facerent.
1505 2243 1507 2264 ¹

215 2361 235 2423 3
334 2358 510 2441 Repentino
535 2359 673 2424 adventu
697 2359 842 2426 Caesaris
867 2361 990 2437 accidit,
1015 2360 1099 2443 quod
1122 2362 1289 2445 imparatis
1315 2363 1452 2427 disiectis·
1507 2393 1518 2444 1

247 2483 307 2546 quc
331 2465 471 2530 accidere
495 2464 557 2529 fuit
579 2485 717 2544 necesse,
740 2469 778 2530 ut
801 2468 868 2530 sine
891 2467 1004 2532 timore
1028 2468 1094 2531 ullo
1117 2487 1193 2532 rura
1218 2470 1357 2535 colentes
1378 2469 1454 2552 prius

246 2571 284 2635 ab
316 2573 462 2653 equitatu
492 2573 761 2655 opprimerentur,
791 2592 887 2654 quam
918 2574 1086 2656 confugere
1121 2575 1153 2639 in
1184 2576 1299 2659 oppida
1332 2577 1454 2660 possent.
1512 2615 1514 2650 3

220 2678 392 2760 rNamque
423 2679 520 2744 etiam
549 2679 629 2743 illud
658 2680 789 2762 vulgare
821 2681 1010 2745 incursionis
1040 2682 1181 2747 hostium
1212 2683 1354 2765 signum,
1382 2679 1450 2764 quod
1514 2767 1515 2770 Ἴ

244 2785 397 2850 incendiis
422 2786 634 2850 aedificiorum
657 2787 799 2868 intellegi
828 2789 1004 2866 consuerit,
1029 2787 1173 2853 Caesaris
1203 2793 1273 2854 erat
1302 2789 1453 2854 interdicto
1514 2802 1527 2841 .·

245 2979 290 3033 der
308 2979 440 3034 Aulstand
459 2980 660 3050 ausgebrooheu‚
681 2998 708 3035 so
728 2981 785 3035 dass
804 2981 885 3036 Ctsar
903 2981 1020 3035 wirhlich
1038 2982 1093 3036 last
1111 2983 1297 3037 unaufhbrlich
1315 2983 1402 3052 Kriegc
1417 2996 1453 3049 gc
1520 2974 1523 3012 3

243 3068 310 3122 habt
327 3070 411 3124 hatto.
432 3099 465 3108 -
484 3069 625 3138 reuocare]
645 3069 786 3124 Verconda
806 3088 876 3138 „von
894 3073 1024 3125 uauem“!
1517 3131 1518 3134 Ἴ

318 3171 340 3213 2.
366 3176 451 3229 acque
530 3160 589 3227 uec]
615 3159 750 3213 verbindct
773 3159 837 3213 auch
864 3158 1038 3228 deprensans,
1063 3161 1110 3214 wic
1134 3179 1223 3228 „zwar
1245 3162 1320 3216 nicht
1401 3159 1455 3212 aber
1516 3147 1525 3158 λ’

244 3248 310 3301 auch
329 3249 432 3302 nicht“.
458 3277 491 3286 -
516 3247 633 3316 diversa]
653 3248 710 3301 wir
728 3248 813 3302 haben
833 3249 893 3302 hain
911 3249 1035 3318 Adjehtiv
1053 3250 1095 3304 hir
1113 3255 1207 3318 etwas,
1227 3250 1274 3304 das
1293 3268 1326 3305 an
1344 3248 1452 3304 verschie-

244 3336 327 3391 denen
345 3337 467 3391 Punhten
485 3337 530 3391 ist,
550 3364 582 3374 -
607 3337 756 3405 auxilium]
776 3338 1029 3392 zusammenlassend
1049 3340 1111 3406 „dic
1128 3340 1248 3394 Mittam.
1269 3369 1303 3380 -
1321 3341 1359 3394 ud
1375 3337 1455 3394 amaia
1513 3333 1523 3363 ⁷

240 3425 444 3494 persequenda]
462 3426 576 3480 ntimlich
591 3428 641 3481 alla
655 3426 773 3495 Kriege
787 3427 852 3480 wird
866 3445 894 3480 es
908 3429 983 3481 nicht
997 3428 1198 3483 uachdrdohlioh
1211 3430 1345 3484 bstrciben
1358 3431 1454 3491 kdnnen,
1510 3433 1514 3502 j

244 3530 272 3567 so
287 3513 345 3567 dals
359 3514 424 3567 doch
440 3514 567 3568 zunbchst
580 3517 622 3569 ltin
635 3517 720 3584 einigc
733 3516 830 3569 Vblker
844 3516 885 3570 die
899 3517 1071 3584 Mbglichhcit
1085 3518 1177 3585 bliebe,
1197 3519 1253 3572 sich
1267 3537 1299 3573 zu
1313 3519 1423 3573 belreim.
1510 3531 1512 3536 ·

317 3616 340 3656 a.
365 3619 424 3658 sors
446 3604 621 3672 incommoda]
646 3605 713 3659 Kein
731 3605 799 3658 Volk
824 3605 898 3659 dtirla
924 3607 979 3659 sich
1004 3608 1130 3661 strtiubcn
1153 3625 1235 3676 gagen
1262 3610 1317 3662 scin
1340 3607 1392 3662 Tcil
1411 3604 1449 3658 Ur
1521 3620 1522 3623 ’

242 3692 364 3759 gemaeh,
390 3692 437 3745 das
462 3693 546 3746 damit
569 3694 718 3748 verbunden
744 3695 798 3748 sein
824 3695 924 3762 whrde,
949 3713 1023 3749 wenn
1048 3697 1085 3750 sic
1110 3715 1138 3751 so
1163 3697 1245 3751 durch
1263 3696 1391 3752 Aulstand
1412 3695 1454 3747 den
1510 3717 1513 3724 ¹

243 3781 356 3835 Bbmern
374 3781 533 3835 Aufenthalt
551 3783 703 3837 beraitctan.

316 3869 392 3939 Kap.
412 3870 443 3926 2.
483 3883 505 3926 a.
525 3872 676 3942 conticere]
695 3873 786 3927 Iudam
805 3891 866 3928 man
882 3873 943 3943 jem.
963 3876 1182 3943 zusammenhblt‚
1200 3876 1259 3929 halt
1277 3893 1336 3929 man
1354 3875 1396 3930 ihn
1412 3887 1454 3925 von
1506 3891 1518 3946 .'

242 3963 323 4014 etwas
342 3961 463 4014 andercm
483 3962 585 4017 zurdch.
1512 4017 1513 4020 ,

313 4048 390 4118 Imp.
412 4049 443 4105 3.
485 4063 494 4102 t
517 4069 539 4101 u.
561 4062 584 4104 a.
610 4051 724 4120 accidit]
749 4052 804 4107 Dor
821 4053 943 4106 Latcincr
967 4054 1016 4107 hat
1039 4055 1099 4108 heiu
1117 4055 1194 4108 Wort
1217 4055 1259 4108 fiir
1282 4054 1408 4122 „uolgc‘t
1425 4075 1452 4088 ··
1502 4109 1505 4114 ,

242 4139 375 4206 disiectis]
402 4139 506 4192 bezieht
529 4139 583 4193 sich
608 4140 654 4194 aul
673 4141 730 4194 ihre
749 4145 912 4197 nerstrcntcn
930 4142 1111 4212 Wchnungen.
1138 4173 1171 4183 -·
1195 4144 1270 4212 quod
1347 4137 1455 4207 anuum
1499 4189 1502 4216 ι

242 4227 395 4296 casceca]
419 4227 596 4283 Erhltrender
614 4229 709 4283 Zusatc
734 4248 765 4284 zu
790 4233 959 4286 incursionis
983 4235 1100 4301 siguum.
1137 4233 1248 4302 Subjclrt
1272 4234 1309 4287 ist
1332 4232 1395 4287 wohl
1415 4229 1452 4282 tw

241 4318 346 4383 cassim
373 4317 443 4372 diosc
466 4317 531 4371 wird
550 4319 775 4386 wahrgeuommon
798 4336 832 4372 cn
855 4320 905 4372 den
923 4319 1097 4375 Feucrsaulou
1116 4323 1279 4376 brenncndcr
1296 4321 1407 4377 Gehblta
1423 4343 1451 4354 ·-
1498 4311 1501 4380 ἶ

240 4407 343 4475 tollere]
363 4407 580 4475 ‚,uuterlassen“,
600 4407 656 4460 also
675 4405 754 4462 tolli?
773 4437 806 4445 —-
827 4408 937 4475 deficior
955 4409 996 4477 re]
1017 4411 1088 4477 „mir
1105 4410 1171 4480 geht
1188 4413 1269 4465 etwas
1287 4413 1363 4465 cus“.
