3136 4928
518 387 615 443 oomm.
634 387 707 455 vm,
726 405 747 442 ο.
766 387 881 443 aro-oa,
1261 387 1313 446 341

84 569 155 614 esse
180 549 396 615 arbitrabatur
418 549 578 612 neminem
603 568 640 614 ex
664 548 758 614 oaede
789 548 943 630 refugisse
974 548 1008 612 in
1036 552 1158 627 eastra,
1189 551 1244 632 qui
1274 551 1312 616 de

85 657 216 739 aooepta
239 656 421 720 oalamitate
445 655 595 720 nuntium
616 655 770 738 Drappeti
790 654 952 738 perferret.
984 655 1047 720 Sed
1066 657 1099 720 in
1122 657 1339 739 experiundos

85 783 159 827 oum
182 763 356 845 perieulum
389 763 516 826 nullum
538 762 677 839 videret,
708 763 888 843 equitatum
921 781 1047 827 omnem
1072 762 1311 845 Germanosque

83 869 217 953 pedites
242 887 386 932 summae
402 869 581 933 velooitatis
603 868 757 945 homines,
781 868 821 931 ad
837 871 943 932 eastra
958 869 1102 934 hostium
1116 871 1313 953 praemittit3

83 977 150 1059 ipse
174 975 333 1057 legionem
357 995 455 1039 unam
478 975 511 1040 in
535 975 619 1039 trina
643 976 750 1039 oastra
773 975 944 1052 distribuit,
968 976 1103 1041 alteram
1127 996 1236 1042 seeum
1261 997 1313 1042 ex·

82 1083 227 1166 peditam
251 1082 346 1146 duoit.
382 1082 463 1147 Cum
486 1082 614 1165 propius
637 1083 746 1146 hostes
770 1082 965 1159 aooessissot,
989 1083 1028 1146 ab
1052 1084 1338 1166 exploratoribus‚o

85 1208 164 1271 quos
195 1189 417 1271 praemiserat,
449 1189 610 1270 eognosoit
640 1189 746 1252 eastra
776 1207 901 1266 eorum,
935 1191 973 1252 ut
1007 1190 1215 1255 barbarorum
1246 1190 1312 1255 fere

84 1296 281 1360 oonsuetudo
306 1298 370 1372 est,
400 1296 520 1360 relictis
543 1295 619 1359 loois
644 1295 857 1377 superioribus
888 1295 929 1359 ad
958 1296 1044 1378 ripas
1073 1315 1142 1360 osse
1172 1297 1313 1362 fluminis

84 1403 242 1476 demissa;
273 1403 309 1465 at
332 1401 507 1466 Germanos
532 1402 718 1483 equitesque
742 1402 998 1484 imprudentibus
1022 1403 1168 1467 omnibus
1193 1403 1231 1468 de
1254 1405 1315 1468 im·

83 1510 209 1592 proviso
227 1508 389 1572 advolasse
405 1509 624 1591 proeliumque
643 1508 847 1573 oommisisse.
879 1507 950 1587 Qua
965 1528 999 1573 re
1016 1510 1141 1591 oognita
1157 1511 1337 1592 legionemr

85 1619 246 1679 armatam
268 1616 523 1696 instructamque
548 1615 685 1680 adduoit.
715 1615 767 1680 Ita
790 1619 920 1698 repente
944 1617 1089 1680 omnibus
1112 1618 1313 1700 expertibus

85 1723 174 1804 siguo
200 1723 275 1786 dato
298 1723 368 1786 looa
391 1723 554 1805 superiora
577 1722 756 1805 oapiuntur.
802 1720 893 1800 Quod
923 1723 978 1788 ubi
1000 1723 1137 1801 aooidit,
1162 1723 1313 1788 Germani

85 1830 274 1910 equitesque
299 1829 397 1910 siguis
420 1829 552 1910 legionis
576 1829 651 1892 visis
675 1828 953 1894 vehementissime
981 1830 1186 1913 proeliantur.
1232 1830 1338 1895 (ion-s

84 1935 193 2000 festim
218 1936 362 2000 cohortes
386 1936 525 2016 undique
554 1935 710 2018 impetum
741 1935 864 2000 faoiunt
892 1937 1100 2018 omnibusque
1130 1939 1187 2001 aut
1216 1937 1314 2001 inter-

83 2041 176 2107 feotis
203 2043 261 2105 aut
284 2043 385 2125 oaptis
409 2061 526 2124 magna
547 2042 666 2126 praeda
689 2043 864 2125 potiuntur.

175 2148 308 2231 Capitur
342 2149 409 2232 ipse
445 2168 481 2214 eo
515 2150 634 2232 proelio
668 2148 822 2233 Drappes.
875 2149 1028 2215 Caninius
1063 2149 1244 2216 felicissime
1279 2154 1365 2217 rod?

85 2257 178 2338 gesta
202 2256 268 2320 sine
292 2256 357 2320 uilo
380 2275 480 2340 paene
503 2257 615 2321 militis
638 2257 768 2320 vulnere
793 2257 834 2320 ad
856 2257 1044 2322 obsidendos
1068 2258 1241 2340 oppidanos
1264 2278 1314 2323 re-

84 2363 223 2428 vertitur
246 2366 436 2445 externoque
460 2364 551 2428 hoste
575 2364 687 2440 deleto,
711 2362 800 2427 ouius
824 2363 937 2428 timore
955 2365 1049 2427 antea
1065 2363 1205 2428 dividere
1220 2383 1338 2447 prae-a

86 2470 167 2535 sidia
199 2472 233 2534 et
261 2470 436 2534 munitione
466 2471 637 2554 oppidanos
668 2470 863 2535 oiroumdaro
891 2471 1068 2553 prohibitus
1099 2472 1184 2548 erat,
1219 2490 1313 2554 opera

86 2577 229 2658 undique
252 2577 389 2659 imperat
405 2577 629 2641 administrari.
660 2576 759 2641 Venit
775 2577 885 2641 eodem
902 2596 975 2641 oum
991 2578 1057 2641 suis
1074 2577 1171 2659 oopiis
1186 2579 1338 2660 posteros

86 2684 137 2748 dio
164 2682 264 2748 Gaius
287 2683 404 2747 Fabius
427 2685 615 2766 partemque
640 2683 744 2766 oppidi
767 2685 867 2747 sumit
891 2684 931 2747 ad
954 2683 1171 2748 obsidendum.

177 2789 294 2854 Caesar
316 2790 445 2854 interim
467 2790 510 2852 M.
533 2790 708 2854 Antonium
732 2791 933 2872 quaestorem
957 2809 1030 2854 oum
1053 2789 1234 2853 oohortibus
1250 2789 1311 2853 XV
1323 2793 1366 2854 38

84 2898 120 2960 in
149 2897 325 2961 Bellovaois
355 2897 499 2978 reliquit,
532 2916 572 2961 no
604 2915 666 2979 qua
697 2916 808 2961 rursus
837 2916 994 2961 novorum
1024 2896 1227 2962 consiliorum
1246 2891 1314 2960 'oa-

85 3003 275 3086 piendorum
297 3003 405 3084 Belgis
436 3002 573 3067 fatuitas
603 3003 742 3068 daretur.
786 3003 859 3086 Ipse
888 3004 1028 3085 reliquas
1059 3003 1205 3067 civitates
1237 3003 1338 3080 adita

86 3110 211 3175 obsides
245 3110 352 3192 plures
388 3110 542 3192 imperat,
577 3110 728 3175 timentes
764 3111 906 3174 omnium
941 3111 1062 3174 animos
1097 3110 1312 3174 oonsolatione

86 3219 190 3281 sanat.
237 3216 317 3281 Cum
340 3216 373 3279 in
398 3216 554 3281 Carnutes
578 3217 732 3294 venisset,
762 3235 898 3298 quorum
927 3217 960 3280 in
993 3217 1121 3281 oivitate
1152 3217 1338 3299 superiores

86 3323 313 3389 commentario
330 3322 447 3387 Caesar
471 3324 615 3406 exposuit
637 3324 766 3387 initium
789 3324 863 3388 belli
887 3341 956 3388 esse
980 3325 1097 3399 ortum,
1121 3322 1206 3404 quod
1222 3341 1314 3406 prae·

84 3519 131 3573 ihn
151 3535 183 3571 zu
202 3534 318 3584 warner,
344 3534 372 3570 so
397 3516 454 3570 dass
479 3517 534 3570 also
557 3516 627 3570 diosa
645 3507 872 3587 Uberrumpelung
896 3517 1046 3571 schwerlioh
1072 3517 1193 3586 gelingen
1216 3516 1312 3570 wiirdo.

84 3608 165 3661 Indes
184 3605 281 3660 meinte
299 3623 335 3673 er,
354 3623 382 3661 es
400 3607 484 3662 kbnne
501 3606 529 3675 ja
547 3606 614 3661 doeh
631 3607 724 3660 immor
742 3605 814 3659 soloh
832 3605 874 3659 ein
891 3595 1018 3673 Uberialt
1035 3606 1078 3659 bei
1096 3605 1155 3659 dam
1173 3606 1262 3660 niohts
1281 3623 1314 3660 zu

84 3696 209 3750 fdrehten
227 3696 272 3762 sei,
291 3695 415 3750 versueht
432 3696 542 3750 worden.
641 3695 642 3698 ’

161 3797 184 3840 a.
208 3785 311 3840 relictio
329 3785 395 3840 loeis
412 3770 612 3853 superioribus]
629 3783 678 3836 Die
696 3783 792 3836 Rbmer
809 3783 931 3853 pflogten,
949 3798 1024 3835 worm
1043 3783 1080 3836 sio
1098 3783 1141 3836 oin
1158 3783 1243 3852 Lager
1260 3783 1314 3836 auf-

85 3875 222 3943 sohlugon‚
240 3890 279 3928 wo
297 3873 410 3942 mdglieh
428 3871 556 3927 Anhbhen
575 3889 607 3925 zu
624 3873 755 3926 besetzen.
774 3901 808 3910 -
828 3869 978 3939 demittere]
997 3869 1249 3941 ‚,hinabverlegeu“.

158 3963 237 4031 Kap.
263 3961 313 4017 37.
354 3975 405 4016 ru.
422 3973 445 4016 a.
469 3963 530 4016 sim
606 3961 727 4028 oubam]
750 3960 852 4014 wandle
875 3960 903 4012 in
928 3959 1003 4013 einen
1026 3959 1175 4015 Nobensatz
1201 3962 1258 4014 um!
1278 3990 1313 4001 -

85 4052 182 4120 timor]
200 4055 268 4105 etwa
286 4051 438 4118 „drohende
456 4050 568 4116 Nsh0“;
587 4050 634 4104 wie
652 4050 691 4103 ist
707 4066 735 4103 es
754 4049 817 4102 aber
835 4048 953 4102 wbrtlieh
972 4066 1004 4102 zu
1021 4048 1181 4103 verstohen?
1206 4059 1239 4088 ὲ-
1263 4050 1313 4104 ad·

83 4141 247 4197 ministrare
265 4139 325 4208 ald]
344 4155 399 4207 „an
417 4143 499 4193 etwas
516 4138 596 4193 Haud
613 4139 752 4207 anlegen“.
1009 4185 1011 4190 .

158 4230 238 4299 Kap.
258 4229 306 4287 38.
346 4240 370 4283 a.
389 4228 481 4298 odire]
498 4229 557 4295 VII,
572 4229 614 4295 71,
630 4231 654 4282 1.
673 4257 707 4266 -
726 4227 912 4284 renotatione
929 4227 1025 4294 sonat]
1043 4227 1098 4280 Der
1115 4227 1251 4281 abutendo
1265 4227 1314 4281 Zu-

84 4319 185 4391 apruoh
202 4319 241 4372 ist
259 4318 300 4372 die
318 4317 436 4384 Araenei
455 4317 556 4372 mittels
575 4317 653 4370 deren
672 4333 701 4370 er
718 4317 756 4370 sie
774 4333 823 4370 von
841 4315 919 4370 ihrer>
930 4315 1071 4385 Besorgnis
1089 4316 1163 4371 heilt.

162 4421 185 4464 a.
205 4423 266 4462 eum
344 4407 462 4462 venosa
480 4445 530 4473 ...,
548 4405 631 4475 qaod]
650 4404 773 4462 aaut
788 4435 822 4444 -
841 4405 1011 4461 consecutio
1024 4404 1109 4475 farte]
1127 4405 1185 4460 Wir
1199 4404 1314 4459 munker

1042 4495 1099 4550 23*
