<?xml version="1.0" encoding="UTF-8"?>
<!DOCTYPE html PUBLIC "-//W3C//DTD XHTML 1.0 Transitional//EN"
    "http://www.w3.org/TR/xhtml1/DTD/xhtml1-transitional.dtd">
<html xmlns="http://www.w3.org/1999/xhtml" xml:lang="en" lang="en">
 <head>
  <title>
</title>
<meta http-equiv="Content-Type" content="text/html;charset=utf-8" />
  <meta name='ocr-system' content='tesseract 3.04.00' />
  <meta name='ocr-capabilities' content='ocr_page ocr_carea ocr_par ocr_line ocrx_word'/>
</head>
<body>
  <div class='ocr_page' id='page_1' title='image "./ciuliicaesarisc01menggoog/ciuliicaesarisc01menggoog_0063.png"; bbox 0 0 3172 4922; ppageno 0'>
   <div class='ocr_carea' id='block_1_1' title="bbox 236 371 962 430">
    <p class='ocr_par' dir='ltr' id='par_1_1' title="bbox 236 371 962 430">
     <span class='ocr_line' id='line_1_1' title="bbox 236 371 962 430; baseline 0.01 -9"><span class='ocrx_word' id='word_1_1' title='bbox 236 371 273 430; x_wconf 85' lang='grc'>44</span> <span class='ocrx_word' id='word_1_2' title='bbox 717 373 757 426; x_wconf 91' lang='lat' dir='ltr'>De</span> <span class='ocrx_word' id='word_1_3' title='bbox 775 373 843 426; x_wconf 89' lang='lat' dir='ltr'>bello</span> <span class='ocrx_word' id='word_1_4' title='bbox 863 371 962 428; x_wconf 82' lang='lat' dir='ltr'>Gallico</span> 
     </span>
    </p>
   </div>
   <div class='ocr_carea' id='block_1_2' title="bbox 211 533 1469 723">
    <p class='ocr_par' dir='ltr' id='par_1_2' title="bbox 211 533 1469 723">
     <span class='ocr_line' id='line_1_2' title="bbox 236 533 1466 618; baseline 0.002 -21"><span class='ocrx_word' id='word_1_5' title='bbox 236 534 411 618; x_wconf 76' lang='lat' dir='ltr'>imponere,</span> <span class='ocrx_word' id='word_1_6' title='bbox 434 535 472 597; x_wconf 92' lang='grc' dir='ltr'>ιιι</span> <span class='ocrx_word' id='word_1_7' title='bbox 493 533 688 616; x_wconf 78' lang='lat' dir='ltr'><strong>praesidium</strong></span> <span class='ocrx_word' id='word_1_8' title='bbox 712 552 809 615; x_wconf 86' lang='lat' dir='ltr'>quem</span> <span class='ocrx_word' id='word_1_9' title='bbox 833 533 1078 611; x_wconf 88' lang='lat' dir='ltr'>amicissimum,</span> <span class='ocrx_word' id='word_1_10' title='bbox 1111 535 1139 598; x_wconf 89' lang='lat' dir='ltr'>si</span> <span class='ocrx_word' id='word_1_11' title='bbox 1163 534 1239 616; x_wconf 88' lang='lat' dir='ltr'>quid</span> <span class='ocrx_word' id='word_1_12' title='bbox 1262 553 1342 617; x_wconf 88' lang='lat' dir='ltr'>opus</span> <span class='ocrx_word' id='word_1_13' title='bbox 1375 533 1466 599; x_wconf 86' lang='lat' dir='ltr'>iacto</span> 
     </span>
     <span class='ocr_line' id='line_1_3' title="bbox 211 639 1469 723; baseline 0.001 -19"><span class='ocrx_word' id='word_1_14' title='bbox 211 641 330 718; x_wconf 79' lang='lat' dir='ltr'>cesset,</span> <span class='ocrx_word' id='word_1_15' title='bbox 353 641 492 705; x_wconf 90' lang='lat' dir='ltr'>haberet.</span> <span class='ocrx_word' id='word_1_16' title='bbox 531 639 623 718; x_wconf 82' lang='lat' dir='ltr'>Quod</span> <span class='ocrx_word' id='word_1_17' title='bbox 646 660 720 705; x_wconf 92' lang='lat' dir='ltr'>cum</span> <span class='ocrx_word' id='word_1_18' title='bbox 742 641 842 718; x_wconf 90' lang='lat' dir='ltr'>fieret,</span> <span class='ocrx_word' id='word_1_19' title='bbox 865 660 929 705; x_wconf 91' lang='lat' dir='ltr'>non</span> <span class='ocrx_word' id='word_1_20' title='bbox 952 640 1113 705; x_wconf 87' lang='lat' dir='ltr'>irridioule</span> <span class='ocrx_word' id='word_1_21' title='bbox 1137 641 1268 723; x_wconf 83' lang='lat' dir='ltr'>quidem</span> <span class='ocrx_word' id='word_1_22' title='bbox 1293 659 1331 705; x_wconf 86' lang='lat' dir='ltr'>cx</span> <span class='ocrx_word' id='word_1_23' title='bbox 1353 642 1469 706; x_wconf 91' lang='lat' dir='ltr'>militi-</span> 
     </span>
    </p>
   </div>
   <div class='ocr_carea' id='block_1_3' title="bbox 235 746 1581 830">
    <p class='ocr_par' dir='ltr' id='par_1_3' title="bbox 235 746 1581 830">
     <span class='ocr_line' id='line_1_4' title="bbox 235 746 1581 830; baseline 0 -18"><span class='ocrx_word' id='word_1_24' title='bbox 235 748 296 812; x_wconf 89' lang='lat' dir='ltr'>bus</span> <span class='ocrx_word' id='word_1_25' title='bbox 320 746 459 811; x_wconf 90' lang='lat' dir='ltr'>decimae</span> <span class='ocrx_word' id='word_1_26' title='bbox 482 747 615 828; x_wconf 82' lang='lat' dir='ltr'>legionis</span> <span class='ocrx_word' id='word_1_27' title='bbox 639 747 734 810; x_wconf 84' lang='lat' dir='ltr'>dixit:</span> <span class='ocrx_word' id='word_1_28' title='bbox 758 747 847 830; x_wconf 90' lang='lat' dir='ltr'>plus,</span> <span class='ocrx_word' id='word_1_29' title='bbox 872 765 968 829; x_wconf 84' lang='lat' dir='ltr'>quem</span> <span class='ocrx_word' id='word_1_30' title='bbox 990 747 1150 830; x_wconf 91' lang='lat' dir='ltr'>pollicitus</span> <span class='ocrx_word' id='word_1_31' title='bbox 1174 749 1268 825; x_wconf 74' lang='lat' dir='ltr'>esset</span> <span class='ocrx_word' id='word_1_32' title='bbox 1292 747 1468 826; x_wconf 80' lang='lat' dir='ltr'>Caesarem</span> <span class='ocrx_word' id='word_1_33' title='bbox 1580 747 1581 792; x_wconf 63' lang='lat' dir='ltr'>l</span> 
     </span>
    </p>
   </div>
   <div class='ocr_carea' id='block_1_4' title="bbox 181 853 1468 2322">
    <p class='ocr_par' dir='ltr' id='par_1_4' title="bbox 181 853 1468 2322">
     <span class='ocr_line' id='line_1_5' title="bbox 236 853 1468 938; baseline 0.001 -21"><span class='ocrx_word' id='word_1_34' title='bbox 236 853 355 928; x_wconf 87' lang='lat' dir='ltr'>facere;</span> <span class='ocrx_word' id='word_1_35' title='bbox 386 854 564 937; x_wconf 90' lang='lat' dir='ltr'>pollicitum</span> <span class='ocrx_word' id='word_1_36' title='bbox 588 872 621 918; x_wconf 90' lang='lat' dir='ltr'>se</span> <span class='ocrx_word' id='word_1_37' title='bbox 643 854 677 917; x_wconf 92' lang='lat' dir='ltr'>in</span> <span class='ocrx_word' id='word_1_38' title='bbox 706 855 844 918; x_wconf 79' lang='lat' dir='ltr'>cohortis</span> <span class='ocrx_word' id='word_1_39' title='bbox 874 854 1051 938; x_wconf 78' lang='lat' dir='ltr'>praetoriae</span> <span class='ocrx_word' id='word_1_40' title='bbox 1080 855 1149 918; x_wconf 91' lang='lat' dir='ltr'>loco</span> <span class='ocrx_word' id='word_1_41' title='bbox 1179 853 1336 918; x_wconf 90' lang='lat' dir='ltr'>decimam</span> <span class='ocrx_word' id='word_1_42' title='bbox 1366 855 1468 936; x_wconf 90' lang='lat' dir='ltr'>legio·</span> 
     </span>
     <span class='ocr_line' id='line_1_6' title="bbox 235 959 938 1042; baseline -0.001 -18"><span class='ocrx_word' id='word_1_43' title='bbox 235 979 310 1025; x_wconf 91' lang='lat' dir='ltr'>nem</span> <span class='ocrx_word' id='word_1_44' title='bbox 331 961 527 1037; x_wconf 82' lang='lat' dir='ltr'>habiturum,</span> <span class='ocrx_word' id='word_1_45' title='bbox 551 959 591 1024; x_wconf 90' lang='lat' dir='ltr'>ad</span> <span class='ocrx_word' id='word_1_46' title='bbox 615 979 734 1042; x_wconf 90' lang='lat' dir='ltr'>equum</span> <span class='ocrx_word' id='word_1_47' title='bbox 756 961 938 1025; x_wconf 74' lang='lat' dir='ltr'>rescribere.</span> 
     </span>
     <span class='ocr_line' id='line_1_7' title="bbox 181 1066 1465 1148; baseline -0.001 -17"><span class='ocrx_word' id='word_1_48' title='bbox 181 1071 224 1132; x_wconf 77' lang='lat' dir='ltr'>ts</span> <span class='ocrx_word' id='word_1_49' title='bbox 323 1066 477 1132; x_wconf 75' lang='lat' dir='ltr'>Planities</span> <span class='ocrx_word' id='word_1_50' title='bbox 501 1069 571 1130; x_wconf 85' lang='lat' dir='ltr'>erut</span> <span class='ocrx_word' id='word_1_51' title='bbox 593 1085 710 1148; x_wconf 88' lang='lat' dir='ltr'>magna</span> <span class='ocrx_word' id='word_1_52' title='bbox 734 1069 766 1131; x_wconf 93' lang='lat' dir='ltr'>et</span> <span class='ocrx_word' id='word_1_53' title='bbox 788 1067 882 1131; x_wconf 81' lang='lat' dir='ltr'>imon</span> <span class='ocrx_word' id='word_1_54' title='bbox 905 1068 1049 1131; x_wconf 89' lang='lat' dir='ltr'>tumulus</span> <span class='ocrx_word' id='word_1_55' title='bbox 1066 1068 1211 1131; x_wconf 89' lang='lat' dir='ltr'>terrenus</span> <span class='ocrx_word' id='word_1_56' title='bbox 1229 1067 1307 1130; x_wconf 89' lang='lat' dir='ltr'>setis</span> <span class='ocrx_word' id='word_1_57' title='bbox 1324 1067 1465 1148; x_wconf 80' lang='lat' dir='ltr'>grenebs</span> 
     </span>
     <span class='ocr_line' id='line_1_8' title="bbox 235 1172 1464 1256; baseline -0.002 -18"><span class='ocrx_word' id='word_1_58' title='bbox 235 1173 296 1238; x_wconf 90' lang='lat' dir='ltr'>Hic</span> <span class='ocrx_word' id='word_1_59' title='bbox 318 1174 406 1238; x_wconf 88' lang='lat' dir='ltr'>locus</span> <span class='ocrx_word' id='word_1_60' title='bbox 431 1192 532 1255; x_wconf 85' lang='lat' dir='ltr'>aequo</span> <span class='ocrx_word' id='word_1_61' title='bbox 554 1172 620 1237; x_wconf 88' lang='lat' dir='ltr'>fere</span> <span class='ocrx_word' id='word_1_62' title='bbox 645 1174 746 1256; x_wconf 79' lang='lat' dir='ltr'>spatio</span> <span class='ocrx_word' id='word_1_63' title='bbox 770 1174 809 1238; x_wconf 92' lang='lat' dir='ltr'>ab</span> <span class='ocrx_word' id='word_1_64' title='bbox 833 1173 947 1238; x_wconf 89' lang='lat' dir='ltr'>castris</span> <span class='ocrx_word' id='word_1_65' title='bbox 963 1174 1114 1238; x_wconf 84' lang='lat' dir='ltr'>Ariovisti</span> <span class='ocrx_word' id='word_1_66' title='bbox 1130 1175 1162 1238; x_wconf 92' lang='lat' dir='ltr'>et</span> <span class='ocrx_word' id='word_1_67' title='bbox 1178 1172 1324 1238; x_wconf 78' lang='lat' dir='ltr'>Caesaris</span> <span class='ocrx_word' id='word_1_68' title='bbox 1341 1174 1464 1238; x_wconf 82' lang='lat' dir='ltr'>aberet.</span> 
     </span>
     <span class='ocr_line' id='line_1_9' title="bbox 210 1279 1465 1362; baseline 0.002 -22"><span class='ocrx_word' id='word_1_69' title='bbox 210 1281 295 1358; x_wconf 77' lang='lat' dir='ltr'>ello,</span> <span class='ocrx_word' id='word_1_70' title='bbox 319 1282 356 1344; x_wconf 88' lang='lat' dir='ltr'>ut</span> <span class='ocrx_word' id='word_1_71' title='bbox 380 1283 449 1344; x_wconf 86' lang='lat' dir='ltr'>eret</span> <span class='ocrx_word' id='word_1_72' title='bbox 476 1279 613 1357; x_wconf 87' lang='lat' dir='ltr'>dictum,</span> <span class='ocrx_word' id='word_1_73' title='bbox 643 1279 683 1344; x_wconf 87' lang='lat' dir='ltr'>ed</span> <span class='ocrx_word' id='word_1_74' title='bbox 713 1280 906 1362; x_wconf 90' lang='lat' dir='ltr'>colloquium</span> <span class='ocrx_word' id='word_1_75' title='bbox 928 1281 1093 1344; x_wconf 84' lang='lat' dir='ltr'>venerunt.</span> <span class='ocrx_word' id='word_1_76' title='bbox 1137 1279 1310 1361; x_wconf 86' lang='lat' dir='ltr'>Legionem</span> <span class='ocrx_word' id='word_1_77' title='bbox 1335 1279 1465 1354; x_wconf 84' lang='lat' dir='ltr'>Caesar,</span> 
     </span>
     <span class='ocr_line' id='line_1_10' title="bbox 236 1386 1465 1469; baseline -0.001 -18"><span class='ocrx_word' id='word_1_78' title='bbox 236 1405 333 1469; x_wconf 91' lang='lat' dir='ltr'>quam</span> <span class='ocrx_word' id='word_1_79' title='bbox 356 1387 446 1468; x_wconf 90' lang='lat' dir='ltr'>equis</span> <span class='ocrx_word' id='word_1_80' title='bbox 469 1389 612 1464; x_wconf 83' lang='lat' dir='ltr'>vexerat,</span> <span class='ocrx_word' id='word_1_81' title='bbox 641 1387 789 1469; x_wconf 88' lang='lat' dir='ltr'>passibus</span> <span class='ocrx_word' id='word_1_82' title='bbox 818 1387 962 1451; x_wconf 86' lang='lat' dir='ltr'>ducentis</span> <span class='ocrx_word' id='word_1_83' title='bbox 993 1387 1033 1451; x_wconf 91' lang='lat' dir='ltr'>ab</span> <span class='ocrx_word' id='word_1_84' title='bbox 1063 1405 1100 1451; x_wconf 92' lang='lat' dir='ltr'>ec</span> <span class='ocrx_word' id='word_1_85' title='bbox 1130 1386 1255 1450; x_wconf 91' lang='lat' dir='ltr'>tumulo</span> <span class='ocrx_word' id='word_1_86' title='bbox 1286 1387 1465 1450; x_wconf 88' lang='lat' dir='ltr'>constituit.</span> 
     </span>
     <span class='ocr_line' id='line_1_11' title="bbox 209 1493 1465 1576; baseline 0.002 -22"><span class='ocrx_word' id='word_1_87' title='bbox 209 1494 319 1558; x_wconf 87' lang='lat' dir='ltr'>sItem</span> <span class='ocrx_word' id='word_1_88' title='bbox 341 1493 464 1575; x_wconf 86' lang='lat' dir='ltr'>equites</span> <span class='ocrx_word' id='word_1_89' title='bbox 487 1493 640 1557; x_wconf 82' lang='lat' dir='ltr'>Ariovisti</span> <span class='ocrx_word' id='word_1_90' title='bbox 662 1493 731 1576; x_wconf 91' lang='lat' dir='ltr'>pari</span> <span class='ocrx_word' id='word_1_91' title='bbox 752 1493 921 1557; x_wconf 84' lang='lat' dir='ltr'>intervallo</span> <span class='ocrx_word' id='word_1_92' title='bbox 945 1493 1166 1556; x_wconf 88' lang='lat' dir='ltr'>constiterunt.</span> <span class='ocrx_word' id='word_1_93' title='bbox 1211 1493 1401 1571; x_wconf 85' lang='lat' dir='ltr'>Ariovistus,</span> <span class='ocrx_word' id='word_1_94' title='bbox 1426 1512 1465 1558; x_wconf 83' lang='lat' dir='ltr'>ex</span> 
     </span>
     <span class='ocr_line' id='line_1_12' title="bbox 235 1598 1465 1682; baseline -0.001 -18"><span class='ocrx_word' id='word_1_95' title='bbox 235 1600 325 1682; x_wconf 88' lang='lat' dir='ltr'>equis</span> <span class='ocrx_word' id='word_1_96' title='bbox 348 1601 386 1664; x_wconf 92' lang='lat' dir='ltr'>ut</span> <span class='ocrx_word' id='word_1_97' title='bbox 409 1600 665 1681; x_wconf 78' lang='lat' dir='ltr'>colloquerentur</span> <span class='ocrx_word' id='word_1_98' title='bbox 687 1601 720 1663; x_wconf 88' lang='lat' dir='ltr'>et</span> <span class='ocrx_word' id='word_1_99' title='bbox 742 1601 869 1682; x_wconf 87' lang='lat' dir='ltr'>praeter</span> <span class='ocrx_word' id='word_1_100' title='bbox 893 1617 926 1663; x_wconf 89' lang='lat' dir='ltr'>se</span> <span class='ocrx_word' id='word_1_101' title='bbox 950 1599 1047 1664; x_wconf 89' lang='lat' dir='ltr'>denos</span> <span class='ocrx_word' id='word_1_102' title='bbox 1070 1601 1109 1662; x_wconf 91' lang='lat' dir='ltr'>ut</span> <span class='ocrx_word' id='word_1_103' title='bbox 1132 1599 1172 1662; x_wconf 90' lang='lat' dir='ltr'>ad</span> <span class='ocrx_word' id='word_1_104' title='bbox 1188 1598 1383 1680; x_wconf 86' lang='lat' dir='ltr'>colloquium</span> <span class='ocrx_word' id='word_1_105' title='bbox 1409 1599 1465 1663; x_wconf 82' lang='lat' dir='ltr'>ed-</span> 
     </span>
     <span class='ocr_line' id='line_1_13' title="bbox 208 1704 1463 1788; baseline 0.003 -22"><span class='ocrx_word' id='word_1_106' title='bbox 208 1707 402 1783; x_wconf 78' lang='lat' dir='ltr'>rducerent‚</span> <span class='ocrx_word' id='word_1_107' title='bbox 425 1705 609 1788; x_wconf 80' lang='lat' dir='ltr'>postulavit.</span> <span class='ocrx_word' id='word_1_108' title='bbox 654 1705 718 1771; x_wconf 90' lang='lat' dir='ltr'>Ubi</span> <span class='ocrx_word' id='word_1_109' title='bbox 741 1725 776 1770; x_wconf 93' lang='lat' dir='ltr'>ec</span> <span class='ocrx_word' id='word_1_110' title='bbox 800 1707 932 1771; x_wconf 91' lang='lat' dir='ltr'>ventum</span> <span class='ocrx_word' id='word_1_111' title='bbox 956 1707 1020 1783; x_wconf 83' lang='lat' dir='ltr'>est,</span> <span class='ocrx_word' id='word_1_112' title='bbox 1044 1704 1161 1770; x_wconf 81' lang='lat' dir='ltr'>(leesor</span> <span class='ocrx_word' id='word_1_113' title='bbox 1190 1705 1281 1770; x_wconf 85' lang='lat' dir='ltr'>initio</span> <span class='ocrx_word' id='word_1_114' title='bbox 1309 1707 1463 1771; x_wconf 84' lang='lat' dir='ltr'>cretionis</span> 
     </span>
     <span class='ocr_line' id='line_1_14' title="bbox 235 1811 1464 1896; baseline 0.001 -19"><span class='ocrx_word' id='word_1_115' title='bbox 235 1832 293 1877; x_wconf 89' lang='lat' dir='ltr'>sua</span> <span class='ocrx_word' id='word_1_116' title='bbox 317 1816 510 1895; x_wconf 85' lang='lat' dir='ltr'>senatusque</span> <span class='ocrx_word' id='word_1_117' title='bbox 533 1812 567 1875; x_wconf 93' lang='lat' dir='ltr'>in</span> <span class='ocrx_word' id='word_1_118' title='bbox 591 1830 665 1876; x_wconf 91' lang='lat' dir='ltr'>eum</span> <span class='ocrx_word' id='word_1_119' title='bbox 688 1813 839 1877; x_wconf 86' lang='lat' dir='ltr'>beneficia</span> <span class='ocrx_word' id='word_1_120' title='bbox 862 1813 1137 1890; x_wconf 86' lang='lat' dir='ltr'>commemoravit,</span> <span class='ocrx_word' id='word_1_121' title='bbox 1162 1811 1246 1894; x_wconf 87' lang='lat' dir='ltr'>quod</span> <span class='ocrx_word' id='word_1_122' title='bbox 1268 1831 1324 1876; x_wconf 84' lang='lat' dir='ltr'>rex</span> <span class='ocrx_word' id='word_1_123' title='bbox 1355 1815 1464 1896; x_wconf 91' lang='lat' dir='ltr'>appel-</span> 
     </span>
     <span class='ocr_line' id='line_1_15' title="bbox 233 1918 1462 2001; baseline 0.001 -18"><span class='ocrx_word' id='word_1_124' title='bbox 233 1921 319 1984; x_wconf 87' lang='lat' dir='ltr'>latus</span> <span class='ocrx_word' id='word_1_125' title='bbox 343 1920 428 1983; x_wconf 88' lang='lat' dir='ltr'>esset</span> <span class='ocrx_word' id='word_1_126' title='bbox 443 1937 462 1982; x_wconf 90' lang='lat' dir='ltr'>a</span> <span class='ocrx_word' id='word_1_127' title='bbox 478 1919 601 1995; x_wconf 89' lang='lat' dir='ltr'>senatu,</span> <span class='ocrx_word' id='word_1_128' title='bbox 626 1918 710 2000; x_wconf 91' lang='lat' dir='ltr'>quod</span> <span class='ocrx_word' id='word_1_129' title='bbox 730 1919 860 1996; x_wconf 70' lang='lat' dir='ltr'>amicus</span> <span class='ocrx_word' id='word_1_130' title='bbox 885 1919 968 2001; x_wconf 90' lang='lat' dir='ltr'>quod</span> <span class='ocrx_word' id='word_1_131' title='bbox 983 1937 1118 1983; x_wconf 89' lang='lat' dir='ltr'>munera</span> <span class='ocrx_word' id='word_1_132' title='bbox 1134 1919 1328 2001; x_wconf 86' lang='lat' dir='ltr'>amplissime</span> <span class='ocrx_word' id='word_1_133' title='bbox 1344 1919 1462 1994; x_wconf 82' lang='lat' dir='ltr'>missa3</span> 
     </span>
     <span class='ocr_line' id='line_1_16' title="bbox 235 2024 1464 2108; baseline -0.001 -18"><span class='ocrx_word' id='word_1_134' title='bbox 235 2044 332 2108; x_wconf 84' lang='lat' dir='ltr'>quem</span> <span class='ocrx_word' id='word_1_135' title='bbox 354 2043 423 2089; x_wconf 89' lang='lat' dir='ltr'>rem</span> <span class='ocrx_word' id='word_1_136' title='bbox 446 2027 479 2089; x_wconf 90' lang='lat' dir='ltr'>et</span> <span class='ocrx_word' id='word_1_137' title='bbox 501 2025 611 2108; x_wconf 88' lang='lat' dir='ltr'>paucis</span> <span class='ocrx_word' id='word_1_138' title='bbox 632 2025 801 2106; x_wconf 84' lang='lat' dir='ltr'>contigisse</span> <span class='ocrx_word' id='word_1_139' title='bbox 818 2027 850 2089; x_wconf 94' lang='lat' dir='ltr'>et</span> <span class='ocrx_word' id='word_1_140' title='bbox 865 2044 921 2108; x_wconf 90' lang='lat' dir='ltr'>pro</span> <span class='ocrx_word' id='word_1_141' title='bbox 937 2026 1062 2107; x_wconf 85' lang='lat' dir='ltr'>magnis</span> <span class='ocrx_word' id='word_1_142' title='bbox 1078 2025 1244 2089; x_wconf 90' lang='lat' dir='ltr'>homiuum</span> <span class='ocrx_word' id='word_1_143' title='bbox 1260 2024 1371 2090; x_wconf 88' lang='lat' dir='ltr'>officiis</span> <span class='ocrx_word' id='word_1_144' title='bbox 1389 2045 1464 2090; x_wconf 91' lang='lat' dir='ltr'>con-</span> 
     </span>
     <span class='ocr_line' id='line_1_17' title="bbox 208 2131 1463 2213; baseline 0.005 -22"><span class='ocrx_word' id='word_1_145' title='bbox 208 2151 342 2197; x_wconf 77' lang='lat' dir='ltr'>ssuesse</span> <span class='ocrx_word' id='word_1_146' title='bbox 366 2131 464 2196; x_wconf 89' lang='lat' dir='ltr'>tribui</span> <span class='ocrx_word' id='word_1_147' title='bbox 486 2131 634 2205; x_wconf 87' lang='lat' dir='ltr'>docebat;</span> <span class='ocrx_word' id='word_1_148' title='bbox 664 2132 771 2208; x_wconf 89' lang='lat' dir='ltr'>illum,</span> <span class='ocrx_word' id='word_1_149' title='bbox 803 2151 877 2196; x_wconf 91' lang='lat' dir='ltr'>cum</span> <span class='ocrx_word' id='word_1_150' title='bbox 905 2150 1008 2213; x_wconf 91' lang='lat' dir='ltr'>neque</span> <span class='ocrx_word' id='word_1_151' title='bbox 1040 2131 1164 2196; x_wconf 88' lang='lat' dir='ltr'>editum</span> <span class='ocrx_word' id='word_1_152' title='bbox 1178 2157 1181 2165; x_wconf 60' lang='lat'>¹</span> <span class='ocrx_word' id='word_1_153' title='bbox 1194 2149 1298 2213; x_wconf 91' lang='lat' dir='ltr'>neque</span> <span class='ocrx_word' id='word_1_154' title='bbox 1329 2149 1463 2197; x_wconf 82' lang='lat' dir='ltr'>censam</span> 
     </span>
     <span class='ocr_line' id='line_1_18' title="bbox 232 2238 1462 2322; baseline 0.001 -19"><span class='ocrx_word' id='word_1_155' title='bbox 232 2238 415 2322; x_wconf 86' lang='lat' dir='ltr'>postulandi</span> <span class='ocrx_word' id='word_1_156' title='bbox 438 2239 557 2302; x_wconf 89' lang='lat' dir='ltr'>iustam</span> <span class='ocrx_word' id='word_1_157' title='bbox 580 2239 720 2315; x_wconf 87' lang='lat' dir='ltr'>haberet,</span> <span class='ocrx_word' id='word_1_158' title='bbox 743 2238 894 2303; x_wconf 91' lang='lat' dir='ltr'>beneficio</span> <span class='ocrx_word' id='word_1_159' title='bbox 919 2256 957 2303; x_wconf 92' lang='lat' dir='ltr'>ac</span> <span class='ocrx_word' id='word_1_160' title='bbox 978 2238 1170 2302; x_wconf 83' lang='lat' dir='ltr'>liberalitate</span> <span class='ocrx_word' id='word_1_161' title='bbox 1195 2256 1254 2302; x_wconf 84' lang='lat' dir='ltr'>sue</span> <span class='ocrx_word' id='word_1_162' title='bbox 1275 2256 1311 2302; x_wconf 90' lang='lat' dir='ltr'>ac</span> <span class='ocrx_word' id='word_1_163' title='bbox 1328 2241 1462 2304; x_wconf 83' lang='lat' dir='ltr'>senatus</span> 
     </span>
    </p>
   </div>
   <div class='ocr_carea' id='block_1_5' title="bbox 233 2401 1581 2503">
    <p class='ocr_par' dir='ltr' id='par_1_5' title="bbox 233 2401 1581 2503">
     <span class='ocr_line' id='line_1_19' title="bbox 233 2401 1581 2503; baseline 0.001 -17"><span class='ocrx_word' id='word_1_164' title='bbox 233 2432 382 2501; x_wconf 80' lang='lat' dir='ltr'>dcclrung“.</span> <span class='ocrx_word' id='word_1_165' title='bbox 402 2463 435 2472; x_wconf 93' lang='lat'><em>-</em></span> <span class='ocrx_word' id='word_1_166' title='bbox 461 2432 578 2500; x_wconf 63' lang='lat' dir='ltr'>annus]</span> <span class='ocrx_word' id='word_1_167' title='bbox 598 2432 762 2501; x_wconf 86' lang='lat' dir='ltr'>„ergeben“.</span> <span class='ocrx_word' id='word_1_168' title='bbox 781 2461 817 2472; x_wconf 90' lang='lat'><em>-</em></span> <span class='ocrx_word' id='word_1_169' title='bbox 841 2431 954 2501; x_wconf 85' lang='lat' dir='ltr'>ea’qua‘el</span> <span class='ocrx_word' id='word_1_170' title='bbox 972 2432 1035 2501; x_wconf 82' lang='lat' dir='ltr'>(vgt.</span> <span class='ocrx_word' id='word_1_171' title='bbox 1054 2431 1164 2501; x_wconf 79' lang='lat' dir='ltr'>aliquid</span> <span class='ocrx_word' id='word_1_172' title='bbox 1183 2431 1249 2503; x_wconf 87' lang='lat' dir='ltr'>Kap.</span> <span class='ocrx_word' id='word_1_173' title='bbox 1268 2433 1317 2500; x_wconf 86' lang='lat'>40,</span> <span class='ocrx_word' id='word_1_174' title='bbox 1342 2432 1371 2498; x_wconf 81' lang='lat'>5)</span> <span class='ocrx_word' id='word_1_175' title='bbox 1390 2449 1463 2502; x_wconf 76' lang='lat' dir='ltr'>opus</span> <span class='ocrx_word' id='word_1_176' title='bbox 1580 2401 1581 2412; x_wconf 10' lang='grc' dir='ltr'>ἵ</span> 
     </span>
    </p>
   </div>
   <div class='ocr_carea' id='block_1_6' title="bbox 230 2521 1465 3567">
    <p class='ocr_par' dir='ltr' id='par_1_6' title="bbox 232 2521 745 2590">
     <span class='ocr_line' id='line_1_20' title="bbox 232 2521 745 2590; baseline 0 -14"><span class='ocrx_word' id='word_1_177' title='bbox 232 2522 311 2588; x_wconf 79' lang='lat' dir='ltr'>facto</span> <span class='ocrx_word' id='word_1_178' title='bbox 328 2521 406 2590; x_wconf 85' lang='lat' dir='ltr'>esset]</span> <span class='ocrx_word' id='word_1_179' title='bbox 426 2522 484 2589; x_wconf 88' lang='lat' dir='ltr'>„im</span> <span class='ocrx_word' id='word_1_180' title='bbox 502 2521 575 2574; x_wconf 77' lang='lat' dir='ltr'>Folle</span> <span class='ocrx_word' id='word_1_181' title='bbox 594 2521 640 2575; x_wconf 89' lang='lat' dir='ltr'>der</span> <span class='ocrx_word' id='word_1_182' title='bbox 657 2521 745 2576; x_wconf 89' lang='lat' dir='ltr'>N0t“.</span> 
     </span>
    </p>

    <p class='ocr_par' dir='ltr' id='par_1_7' title="bbox 231 2609 1465 3034">
     <span class='ocr_line' id='line_1_21' title="bbox 306 2609 1465 2679; baseline 0.001 -15"><span class='ocrx_word' id='word_1_183' title='bbox 306 2623 329 2664; x_wconf 81' lang='lat' dir='ltr'>e.</span> <span class='ocrx_word' id='word_1_184' title='bbox 348 2627 405 2664; x_wconf 87' lang='lat' dir='ltr'>non</span> <span class='ocrx_word' id='word_1_185' title='bbox 423 2609 580 2678; x_wconf 75' lang='lat' dir='ltr'>inridicule]</span> <span class='ocrx_word' id='word_1_186' title='bbox 600 2610 696 2677; x_wconf 89' lang='lat' dir='ltr'>„nieht</span> <span class='ocrx_word' id='word_1_187' title='bbox 710 2609 866 2679; x_wconf 85' lang='lat' dir='ltr'>unwitzig“.</span> <span class='ocrx_word' id='word_1_188' title='bbox 887 2640 920 2649; x_wconf 92' lang='lat'><em>-</em></span> <span class='ocrx_word' id='word_1_189' title='bbox 935 2610 1105 2679; x_wconf 75' lang='lat' dir='ltr'>pollicitum]</span> <span class='ocrx_word' id='word_1_190' title='bbox 1124 2611 1239 2664; x_wconf 80' lang='lat' dir='ltr'>ntmlich</span> <span class='ocrx_word' id='word_1_191' title='bbox 1253 2626 1314 2664; x_wconf 83' lang='lat' dir='ltr'>eum</span> <span class='ocrx_word' id='word_1_192' title='bbox 1327 2626 1398 2678; x_wconf 86' lang='lat' dir='ltr'>eese,·</span> <span class='ocrx_word' id='word_1_193' title='bbox 1416 2613 1465 2666; x_wconf 82' lang='lat' dir='ltr'>eui</span> 
     </span>
     <span class='ocr_line' id='line_1_22' title="bbox 233 2698 1462 2768; baseline 0.003 -16"><span class='ocrx_word' id='word_1_194' title='bbox 233 2699 318 2753; x_wconf 85' lang='lat' dir='ltr'>dieses</span> <span class='ocrx_word' id='word_1_195' title='bbox 336 2716 397 2753; x_wconf 83' lang='lat' dir='ltr'>curn</span> <span class='ocrx_word' id='word_1_196' title='bbox 414 2700 518 2753; x_wconf 85' lang='lat' dir='ltr'>bezieht</span> <span class='ocrx_word' id='word_1_197' title='bbox 536 2698 593 2752; x_wconf 85' lang='lat' dir='ltr'>sich</span> <span class='ocrx_word' id='word_1_198' title='bbox 610 2699 726 2752; x_wconf 85' lang='lat' dir='ltr'>nechher</span> <span class='ocrx_word' id='word_1_199' title='bbox 751 2699 798 2752; x_wconf 80' lang='lat' dir='ltr'>des</span> <span class='ocrx_word' id='word_1_200' title='bbox 819 2699 931 2768; x_wconf 83' lang='lat' dir='ltr'>Subjelrt</span> <span class='ocrx_word' id='word_1_201' title='bbox 948 2715 983 2754; x_wconf 83' lang='lat' dir='ltr'>se.</span> <span class='ocrx_word' id='word_1_202' title='bbox 1003 2729 1037 2738; x_wconf 98' lang='lat'><strong>—</strong></span> <span class='ocrx_word' id='word_1_203' title='bbox 1055 2700 1088 2753; x_wconf 82' lang='lat' dir='ltr'>e&#39;n</span> <span class='ocrx_word' id='word_1_204' title='bbox 1106 2700 1164 2754; x_wconf 85' lang='lat' dir='ltr'>leco</span> <span class='ocrx_word' id='word_1_205' title='bbox 1181 2700 1229 2767; x_wconf 87' lang='lat'>(=</span> <span class='ocrx_word' id='word_1_206' title='bbox 1247 2700 1317 2768; x_wconf 71' lang='lat' dir='ltr'>beo)</span> <span class='ocrx_word' id='word_1_207' title='bbox 1334 2701 1462 2756; x_wconf 80' lang='lat' dir='ltr'>attentus</span> 
     </span>
     <span class='ocr_line' id='line_1_23' title="bbox 232 2787 1461 2858; baseline 0 -16"><span class='ocrx_word' id='word_1_208' title='bbox 232 2787 343 2856; x_wconf 83' lang='lat' dir='ltr'>babere]</span> <span class='ocrx_word' id='word_1_209' title='bbox 361 2788 428 2858; x_wconf 85' lang='lat' dir='ltr'>Kep.</span> <span class='ocrx_word' id='word_1_210' title='bbox 447 2789 490 2855; x_wconf 81' lang='lat'>26,</span> <span class='ocrx_word' id='word_1_211' title='bbox 510 2789 535 2842; x_wconf 88' lang='grc'>6.</span> <span class='ocrx_word' id='word_1_212' title='bbox 555 2817 588 2827; x_wconf 97' lang='grc'>-</span> <span class='ocrx_word' id='word_1_213' title='bbox 608 2789 647 2843; x_wconf 83' lang='lat' dir='ltr'>ccl</span> <span class='ocrx_word' id='word_1_214' title='bbox 665 2804 764 2857; x_wconf 82' lang='lat' dir='ltr'>equum</span> <span class='ocrx_word' id='word_1_215' title='bbox 782 2788 938 2857; x_wconf 79' lang='lat' dir='ltr'>rescribere]</span> <span class='ocrx_word' id='word_1_216' title='bbox 957 2789 1149 2842; x_wconf 87' lang='lat' dir='ltr'>umschreiben</span> <span class='ocrx_word' id='word_1_217' title='bbox 1173 2789 1201 2842; x_wconf 89' lang='lat' dir='ltr'>in</span> <span class='ocrx_word' id='word_1_218' title='bbox 1225 2789 1266 2842; x_wconf 88' lang='lat' dir='ltr'>die</span> <span class='ocrx_word' id='word_1_219' title='bbox 1284 2788 1357 2842; x_wconf 84' lang='lat' dir='ltr'>Iiste</span> <span class='ocrx_word' id='word_1_220' title='bbox 1376 2789 1461 2856; x_wconf 88' lang='lat' dir='ltr'>derer,</span> 
     </span>
     <span class='ocr_line' id='line_1_24' title="bbox 233 2877 1462 2944; baseline 0.001 -13"><span class='ocrx_word' id='word_1_221' title='bbox 233 2877 275 2931; x_wconf 89' lang='lat' dir='ltr'>die</span> <span class='ocrx_word' id='word_1_222' title='bbox 293 2877 335 2931; x_wconf 89' lang='lat' dir='ltr'>ein</span> <span class='ocrx_word' id='word_1_223' title='bbox 352 2877 432 2930; x_wconf 82' lang='lat' dir='ltr'>Plerd</span> <span class='ocrx_word' id='word_1_224' title='bbox 449 2877 543 2944; x_wconf 86' lang='lat' dir='ltr'>haben,</span> <span class='ocrx_word' id='word_1_225' title='bbox 563 2877 588 2931; x_wconf 90' lang='lat' dir='ltr'>d.</span> <span class='ocrx_word' id='word_1_226' title='bbox 607 2877 671 2931; x_wconf 84' lang='lat' dir='ltr'>inu</span> <span class='ocrx_word' id='word_1_227' title='bbox 684 2877 778 2930; x_wconf 84' lang='lat' dir='ltr'>Pierde</span> <span class='ocrx_word' id='word_1_228' title='bbox 798 2877 905 2944; x_wconf 69' lang='lat' dir='ltr'>dionem</span> <span class='ocrx_word' id='word_1_229' title='bbox 925 2877 996 2930; x_wconf 85' lang='lat' dir='ltr'>diosc</span> <span class='ocrx_word' id='word_1_230' title='bbox 1014 2877 1131 2931; x_wconf 90' lang='lat' dir='ltr'>bildeteu</span> <span class='ocrx_word' id='word_1_231' title='bbox 1149 2877 1178 2930; x_wconf 90' lang='lat' dir='ltr'>in</span> <span class='ocrx_word' id='word_1_232' title='bbox 1196 2877 1314 2931; x_wconf 86' lang='lat' dir='ltr'>irtiherer</span> <span class='ocrx_word' id='word_1_233' title='bbox 1332 2877 1390 2931; x_wconf 87' lang='lat' dir='ltr'>Zeit</span> <span class='ocrx_word' id='word_1_234' title='bbox 1409 2878 1462 2932; x_wconf 87' lang='lat' dir='ltr'>den</span> 
     </span>
     <span class='ocr_line' id='line_1_25' title="bbox 231 2966 1039 3034; baseline 0.001 -14"><span class='ocrx_word' id='word_1_235' title='bbox 231 2967 407 3034; x_wconf 84' lang='lat' dir='ltr'>bevcrzugten</span> <span class='ocrx_word' id='word_1_236' title='bbox 423 2966 606 3020; x_wconf 79' lang='lat' dir='ltr'>Rittereteud:</span> <span class='ocrx_word' id='word_1_237' title='bbox 626 2967 681 3020; x_wconf 84' lang='lat' dir='ltr'>also</span> <span class='ocrx_word' id='word_1_238' title='bbox 701 2984 754 3034; x_wconf 85' lang='lat' dir='ltr'>„zu</span> <span class='ocrx_word' id='word_1_239' title='bbox 773 2966 882 3020; x_wconf 84' lang='lat' dir='ltr'>Rittern</span> <span class='ocrx_word' id='word_1_240' title='bbox 899 2967 1039 3021; x_wconf 85' lang='lat' dir='ltr'>mechen“.</span> 
     </span>
    </p>

    <p class='ocr_par' dir='ltr' id='par_1_8' title="bbox 231 3054 1462 3214">
     <span class='ocr_line' id='line_1_26' title="bbox 303 3054 1462 3124; baseline -0.002 -14"><span class='ocrx_word' id='word_1_241' title='bbox 303 3055 381 3123; x_wconf 69' lang='grc' dir='ltr'><strong>Καρ.</strong></span> <span class='ocrx_word' id='word_1_242' title='bbox 401 3054 453 3110; x_wconf 80' lang='lat'>43.</span> <span class='ocrx_word' id='word_1_243' title='bbox 496 3068 516 3110; x_wconf 84' lang='grc' dir='ltr'>ι.</span> <span class='ocrx_word' id='word_1_244' title='bbox 535 3055 616 3122; x_wconf 83' lang='lat' dir='ltr'>satis]</span> <span class='ocrx_word' id='word_1_245' title='bbox 636 3056 664 3121; x_wconf 86' lang='lat'>1)</span> <span class='ocrx_word' id='word_1_246' title='bbox 679 3056 823 3124; x_wconf 86' lang='lat' dir='ltr'>„genug“;</span> <span class='ocrx_word' id='word_1_247' title='bbox 842 3056 870 3121; x_wconf 77' lang='lat'>2)</span> <span class='ocrx_word' id='word_1_248' title='bbox 886 3055 1054 3122; x_wconf 83' lang='lat' dir='ltr'>„eiemlich“.</span> <span class='ocrx_word' id='word_1_249' title='bbox 1069 3083 1101 3094; x_wconf 85' lang='lat'>-</span> <span class='ocrx_word' id='word_1_250' title='bbox 1118 3054 1320 3124; x_wconf 74' lang='lat' dir='ltr'>aequoepala&#39;o]</span> <span class='ocrx_word' id='word_1_251' title='bbox 1341 3055 1462 3124; x_wconf 87' lang='lat' dir='ltr'>„gleich-</span> 
     </span>
     <span class='ocr_line' id='line_1_27' title="bbox 231 3143 1459 3214; baseline -0.001 -15"><span class='ocrx_word' id='word_1_252' title='bbox 231 3145 322 3199; x_wconf 84' lang='lat' dir='ltr'>weit“.</span> <span class='ocrx_word' id='word_1_253' title='bbox 339 3173 372 3183; x_wconf 90' lang='lat'>·-</span> <span class='ocrx_word' id='word_1_254' title='bbox 386 3150 420 3198; x_wconf 91' lang='lat' dir='ltr'>ut</span> <span class='ocrx_word' id='word_1_255' title='bbox 434 3149 494 3198; x_wconf 86' lang='lat' dir='ltr'>erat</span> <span class='ocrx_word' id='word_1_256' title='bbox 508 3145 625 3212; x_wconf 82' lang='lat' dir='ltr'>dictum]</span> <span class='ocrx_word' id='word_1_257' title='bbox 640 3145 744 3198; x_wconf 87' lang='lat' dir='ltr'>benieht</span> <span class='ocrx_word' id='word_1_258' title='bbox 754 3145 810 3198; x_wconf 86' lang='lat' dir='ltr'>sich</span> <span class='ocrx_word' id='word_1_259' title='bbox 819 3145 866 3198; x_wconf 82' lang='lat' dir='ltr'>eui</span> <span class='ocrx_word' id='word_1_260' title='bbox 873 3145 915 3199; x_wconf 88' lang='lat' dir='ltr'>dic</span> <span class='ocrx_word' id='word_1_261' title='bbox 924 3144 1146 3212; x_wconf 86' lang='lat' dir='ltr'>Verabredungeu</span> <span class='ocrx_word' id='word_1_262' title='bbox 1156 3144 1202 3198; x_wconf 88' lang='lat' dir='ltr'>des</span> <span class='ocrx_word' id='word_1_263' title='bbox 1211 3144 1317 3212; x_wconf 81' lang='lat' dir='ltr'>rotigen</span> <span class='ocrx_word' id='word_1_264' title='bbox 1326 3143 1459 3214; x_wconf 87' lang='lat' dir='ltr'>Kapitels.</span> 
     </span>
    </p>

    <p class='ocr_par' dir='ltr' id='par_1_9' title="bbox 230 3233 1462 3389">
     <span class='ocr_line' id='line_1_28' title="bbox 304 3233 1462 3303; baseline 0.001 -17"><span class='ocrx_word' id='word_1_265' title='bbox 304 3244 327 3287; x_wconf 83' lang='lat'>2.</span> <span class='ocrx_word' id='word_1_266' title='bbox 347 3233 482 3302; x_wconf 83' lang='lat' dir='ltr'>equis</span> <span class='ocrx_word' id='word_1_267' title='bbox 501 3233 622 3303; x_wconf 65' lang='lat' dir='ltr'>emunt]</span> <span class='ocrx_word' id='word_1_268' title='bbox 641 3233 699 3287; x_wconf 89' lang='lat' dir='ltr'>Wie</span> <span class='ocrx_word' id='word_1_269' title='bbox 722 3249 790 3302; x_wconf 84' lang='lat' dir='ltr'>equo</span> <span class='ocrx_word' id='word_1_270' title='bbox 814 3234 874 3290; x_wconf 73' lang='lat' dir='ltr'>eain¹</span> <span class='ocrx_word' id='word_1_271' title='bbox 893 3257 929 3279; x_wconf 85' lang='lat'><em>=</em></span> <span class='ocrx_word' id='word_1_272' title='bbox 947 3234 1081 3301; x_wconf 88' lang='lat' dir='ltr'>‚‚reiten“‚</span> <span class='ocrx_word' id='word_1_273' title='bbox 1107 3250 1136 3287; x_wconf 84' lang='lat' dir='ltr'>so</span> <span class='ocrx_word' id='word_1_274' title='bbox 1155 3249 1222 3302; x_wconf 82' lang='lat' dir='ltr'>equo</span> <span class='ocrx_word' id='word_1_275' title='bbox 1239 3233 1332 3287; x_wconf 85' lang='lat' dir='ltr'>eebere</span> <span class='ocrx_word' id='word_1_276' title='bbox 1351 3257 1384 3276; x_wconf 95' lang='lat'><strong><em>=</em></strong></span> <span class='ocrx_word' id='word_1_277' title='bbox 1406 3251 1462 3301; x_wconf 83' lang='lat' dir='ltr'>„ru</span> 
     </span>
     <span class='ocr_line' id='line_1_29' title="bbox 230 3321 1436 3389; baseline 0.001 -13"><span class='ocrx_word' id='word_1_278' title='bbox 230 3321 323 3376; x_wconf 83' lang='lat' dir='ltr'>Pierde</span> <span class='ocrx_word' id='word_1_279' title='bbox 341 3322 392 3375; x_wconf 93' lang='lat' dir='ltr'>mit</span> <span class='ocrx_word' id='word_1_280' title='bbox 410 3322 466 3375; x_wconf 88' lang='lat' dir='ltr'>sich</span> <span class='ocrx_word' id='word_1_281' title='bbox 484 3323 608 3377; x_wconf 88' lang='lat' dir='ltr'>tiihren“.</span> <span class='ocrx_word' id='word_1_282' title='bbox 1434 3386 1436 3389; x_wconf 23' lang='lat'>¹</span> 
     </span>
    </p>

    <p class='ocr_par' dir='ltr' id='par_1_10' title="bbox 231 3410 1461 3567">
     <span class='ocr_line' id='line_1_30' title="bbox 305 3410 1461 3479; baseline -0.001 -14"><span class='ocrx_word' id='word_1_283' title='bbox 305 3423 328 3465; x_wconf 78' lang='lat' dir='ltr'>s.</span> <span class='ocrx_word' id='word_1_284' title='bbox 347 3426 381 3464; x_wconf 80' lang='lat' dir='ltr'>en</span> <span class='ocrx_word' id='word_1_285' title='bbox 394 3410 470 3479; x_wconf 79' lang='lat' dir='ltr'>equis</span> <span class='ocrx_word' id='word_1_286' title='bbox 482 3416 517 3464; x_wconf 88' lang='lat' dir='ltr'>ut</span> <span class='ocrx_word' id='word_1_287' title='bbox 531 3411 761 3479; x_wconf 74' lang='lat' dir='ltr'>colloquerentur]</span> <span class='ocrx_word' id='word_1_288' title='bbox 775 3411 843 3464; x_wconf 88' lang='lat' dir='ltr'>Wir</span> <span class='ocrx_word' id='word_1_289' title='bbox 856 3411 941 3465; x_wconf 81' lang='lat' dir='ltr'>huben</span> <span class='ocrx_word' id='word_1_290' title='bbox 954 3411 1056 3478; x_wconf 81' lang='lat' dir='ltr'>horror,</span> <span class='ocrx_word' id='word_1_291' title='bbox 1075 3411 1134 3465; x_wconf 81' lang='lat' dir='ltr'>deis</span> <span class='ocrx_word' id='word_1_292' title='bbox 1150 3410 1190 3464; x_wconf 83' lang='lat' dir='ltr'>die</span> <span class='ocrx_word' id='word_1_293' title='bbox 1204 3411 1343 3478; x_wconf 76' lang='lat' dir='ltr'>Perseum,</span> <span class='ocrx_word' id='word_1_294' title='bbox 1362 3411 1461 3465; x_wconf 86' lang='lat' dir='ltr'>welche</span> 
     </span>
     <span class='ocr_line' id='line_1_31' title="bbox 231 3499 900 3567; baseline 0.001 -13"><span class='ocrx_word' id='word_1_295' title='bbox 231 3500 273 3554; x_wconf 88' lang='lat' dir='ltr'>die</span> <span class='ocrx_word' id='word_1_296' title='bbox 290 3499 479 3567; x_wconf 86' lang='lat' dir='ltr'>Unterredung</span> <span class='ocrx_word' id='word_1_297' title='bbox 495 3499 596 3566; x_wconf 70' lang='lat' dir='ltr'>itiitere,</span> <span class='ocrx_word' id='word_1_298' title='bbox 616 3516 654 3552; x_wconf 82' lang='lat' dir='ltr'>eu</span> <span class='ocrx_word' id='word_1_299' title='bbox 671 3499 793 3553; x_wconf 83' lang='lat' dir='ltr'>Pierde</span> <span class='ocrx_word' id='word_1_300' title='bbox 813 3501 900 3555; x_wconf 87' lang='lat' dir='ltr'>sind.</span> 
     </span>
    </p>
   </div>
   <div class='ocr_carea' id='block_1_7' title="bbox 304 3588 1579 3659">
    <p class='ocr_par' dir='ltr' id='par_1_11' title="bbox 304 3588 1579 3659">
     <span class='ocr_line' id='line_1_32' title="bbox 304 3588 1579 3659; baseline 0.002 -19"><span class='ocrx_word' id='word_1_301' title='bbox 304 3600 328 3642; x_wconf 78' lang='lat' dir='ltr'>r,</span> <span class='ocrx_word' id='word_1_302' title='bbox 348 3589 505 3657; x_wconf 80' lang='lat' dir='ltr'>appellatus</span> <span class='ocrx_word' id='word_1_303' title='bbox 522 3588 601 3655; x_wconf 85' lang='lat' dir='ltr'>esset]</span> <span class='ocrx_word' id='word_1_304' title='bbox 619 3588 686 3658; x_wconf 77' lang='lat' dir='ltr'>Knp.</span> <span class='ocrx_word' id='word_1_305' title='bbox 705 3590 734 3656; x_wconf 88' lang='lat'>3,</span> <span class='ocrx_word' id='word_1_306' title='bbox 758 3590 784 3643; x_wconf 82' lang='lat'>4.</span> <span class='ocrx_word' id='word_1_307' title='bbox 809 3617 843 3628; x_wconf 85' lang='lat'><em>-</em></span> <span class='ocrx_word' id='word_1_308' title='bbox 869 3589 1046 3659; x_wconf 80' lang='lat' dir='ltr'>amplissime]</span> <span class='ocrx_word' id='word_1_309' title='bbox 1071 3606 1122 3657; x_wconf 86' lang='lat' dir='ltr'>„so</span> <span class='ocrx_word' id='word_1_310' title='bbox 1144 3588 1299 3643; x_wconf 81' lang='lat' dir='ltr'>reichlich“.</span> <span class='ocrx_word' id='word_1_311' title='bbox 1320 3615 1353 3626; x_wconf 91' lang='grc'>--</span> <span class='ocrx_word' id='word_1_312' title='bbox 1377 3605 1461 3658; x_wconf 81' lang='lat' dir='ltr'>quam</span> <span class='ocrx_word' id='word_1_313' title='bbox 1576 3611 1579 3626; x_wconf 48' lang='grc' dir='ltr'>ι</span> 
     </span>
    </p>
   </div>
   <div class='ocr_carea' id='block_1_8' title="bbox 230 3676 1460 3836">
    <p class='ocr_par' dir='ltr' id='par_1_12' title="bbox 230 3676 1460 3836">
     <span class='ocr_line' id='line_1_33' title="bbox 230 3676 1460 3747; baseline -0.001 -14"><span class='ocrx_word' id='word_1_314' title='bbox 230 3693 287 3733; x_wconf 85' lang='lat' dir='ltr'>ren</span> <span class='ocrx_word' id='word_1_315' title='bbox 366 3676 512 3746; x_wconf 71' lang='lat' dir='ltr'>contigisse</span> <span class='ocrx_word' id='word_1_316' title='bbox 590 3693 731 3733; x_wconf 75' lang='lat' dir='ltr'>consuesse</span> <span class='ocrx_word' id='word_1_317' title='bbox 749 3678 847 3746; x_wconf 82' lang='lat' dir='ltr'>tribue]</span> <span class='ocrx_word' id='word_1_318' title='bbox 866 3679 904 3733; x_wconf 87' lang='lat' dir='ltr'>ist</span> <span class='ocrx_word' id='word_1_319' title='bbox 922 3679 1056 3747; x_wconf 76' lang='lat' dir='ltr'>ebhtngig</span> <span class='ocrx_word' id='word_1_320' title='bbox 1077 3695 1127 3732; x_wconf 83' lang='lat' dir='ltr'>von</span> <span class='ocrx_word' id='word_1_321' title='bbox 1153 3677 1282 3743; x_wconf 56' lang='lat' dir='ltr'>deceta,-</span> <span class='ocrx_word' id='word_1_322' title='bbox 1305 3677 1352 3730; x_wconf 85' lang='lat' dir='ltr'>wir</span> <span class='ocrx_word' id='word_1_323' title='bbox 1374 3678 1460 3746; x_wconf 88' lang='lat' dir='ltr'>geben</span> 
     </span>
     <span class='ocr_line' id='line_1_34' title="bbox 231 3765 1460 3836; baseline 0.002 -16"><span class='ocrx_word' id='word_1_324' title='bbox 231 3766 281 3820; x_wconf 91' lang='lat' dir='ltr'>den</span> <span class='ocrx_word' id='word_1_325' title='bbox 300 3766 427 3820; x_wconf 77' lang='lat' dir='ltr'>relatives</span> <span class='ocrx_word' id='word_1_326' title='bbox 444 3765 587 3820; x_wconf 79' lang='lat' dir='ltr'>Auschlul&#39;e</span> <span class='ocrx_word' id='word_1_327' title='bbox 606 3766 657 3820; x_wconf 80' lang='lat' dir='ltr'>eui.</span> <span class='ocrx_word' id='word_1_328' title='bbox 678 3797 712 3806; x_wconf 88' lang='lat'>-</span> <span class='ocrx_word' id='word_1_329' title='bbox 730 3783 783 3835; x_wconf 82' lang='lat' dir='ltr'>pro</span> <span class='ocrx_word' id='word_1_330' title='bbox 864 3767 975 3836; x_wconf 67' lang='lat' dir='ltr'>offinb]</span> <span class='ocrx_word' id='word_1_331' title='bbox 996 3767 1059 3835; x_wconf 84' lang='lat' dir='ltr'>„ltir</span> <span class='ocrx_word' id='word_1_332' title='bbox 1077 3765 1292 3835; x_wconf 79' lang='lat' dir='ltr'>Gefalliglreiten,</span> <span class='ocrx_word' id='word_1_333' title='bbox 1316 3765 1460 3822; x_wconf 87' lang='lat' dir='ltr'>Dienste“.</span> 
     </span>
    </p>
   </div>
   <div class='ocr_carea' id='block_1_9' title="bbox 229 3854 1461 3923">
    <p class='ocr_par' dir='ltr' id='par_1_13' title="bbox 229 3847 1578 3923">
     <span class='ocr_line' id='line_1_35' title="bbox 229 3854 1461 3923; baseline 0.002 -14"><span class='ocrx_word' id='word_1_334' title='bbox 229 3855 322 3909; x_wconf 88' lang='lat' dir='ltr'>Damit</span> <span class='ocrx_word' id='word_1_335' title='bbox 340 3855 411 3909; x_wconf 83' lang='lat' dir='ltr'>dioec</span> <span class='ocrx_word' id='word_1_336' title='bbox 431 3854 588 3923; x_wconf 89' lang='lat' dir='ltr'>Bedeutnng</span> <span class='ocrx_word' id='word_1_337' title='bbox 606 3855 653 3909; x_wconf 84' lang='lat' dir='ltr'>des</span> <span class='ocrx_word' id='word_1_338' title='bbox 667 3855 772 3909; x_wconf 88' lang='lat' dir='ltr'>Wortes</span> <span class='ocrx_word' id='word_1_339' title='bbox 790 3856 872 3910; x_wconf 89' lang='lat' dir='ltr'>leicht</span> <span class='ocrx_word' id='word_1_340' title='bbox 890 3857 1042 3910; x_wconf 86' lang='lat' dir='ltr'>ersiehtlich</span> <span class='ocrx_word' id='word_1_341' title='bbox 1061 3856 1107 3922; x_wconf 83' lang='lat' dir='ltr'>eei,</span> <span class='ocrx_word' id='word_1_342' title='bbox 1125 3855 1223 3909; x_wconf 84' lang='lat' dir='ltr'>museto</span> <span class='ocrx_word' id='word_1_343' title='bbox 1241 3855 1384 3910; x_wconf 80' lang='lat' dir='ltr'>bominum</span> <span class='ocrx_word' id='word_1_344' title='bbox 1401 3855 1461 3909; x_wconf 87' lang='lat' dir='ltr'>hiu-</span> 
     </span>
    </p>
   </div>
   <div class='ocr_carea' id='block_1_10' title="bbox 228 3943 1461 4442">
    <p class='ocr_par' dir='ltr' id='par_1_14' title="bbox 229 3943 1460 4102">
     <span class='ocr_line' id='line_1_36' title="bbox 231 3943 1460 4013; baseline 0 -15"><span class='ocrx_word' id='word_1_345' title='bbox 231 3945 355 4013; x_wconf 83' lang='lat' dir='ltr'>nugeliigt</span> <span class='ocrx_word' id='word_1_346' title='bbox 372 3944 483 3998; x_wconf 86' lang='lat' dir='ltr'>werden.</span> <span class='ocrx_word' id='word_1_347' title='bbox 508 3973 542 3984; x_wconf 93' lang='lat'><em>-</em></span> <span class='ocrx_word' id='word_1_348' title='bbox 566 3945 704 4012; x_wconf 82' lang='lat' dir='ltr'>consuen]</span> <span class='ocrx_word' id='word_1_349' title='bbox 723 3944 791 3998; x_wconf 85' lang='lat' dir='ltr'>nach</span> <span class='ocrx_word' id='word_1_350' title='bbox 808 3945 870 4000; x_wconf 82' lang='lat' dir='ltr'>Aul.</span> <span class='ocrx_word' id='word_1_351' title='bbox 890 3945 927 4001; x_wconf 73' lang='grc' dir='ltr'>θ’</span> <span class='ocrx_word' id='word_1_352' title='bbox 947 3946 995 4013; x_wconf 89' lang='lat' dir='ltr'>„iu</span> <span class='ocrx_word' id='word_1_353' title='bbox 1019 3946 1067 3999; x_wconf 87' lang='lat' dir='ltr'>der</span> <span class='ocrx_word' id='word_1_354' title='bbox 1083 3944 1196 4013; x_wconf 62' lang='lat' dir='ltr'>Regem.</span> <span class='ocrx_word' id='word_1_355' title='bbox 1216 3973 1250 3982; x_wconf 98' lang='lat'><strong>—</strong></span> <span class='ocrx_word' id='word_1_356' title='bbox 1269 3943 1376 4012; x_wconf 81' lang='lat' dir='ltr'>docere]</span> <span class='ocrx_word' id='word_1_357' title='bbox 1397 3961 1460 4012; x_wconf 88' lang='lat' dir='ltr'>„er-</span> 
     </span>
     <span class='ocr_line' id='line_1_37' title="bbox 229 4032 987 4102; baseline 0.004 -16"><span class='ocrx_word' id='word_1_358' title='bbox 229 4033 329 4099; x_wconf 73' lang='lat' dir='ltr'>elenen,</span> <span class='ocrx_word' id='word_1_359' title='bbox 348 4032 487 4099; x_wconf 82' lang='lat' dir='ltr'>mittailen,</span> <span class='ocrx_word' id='word_1_360' title='bbox 505 4033 655 4099; x_wconf 81' lang='lat' dir='ltr'>vorstellen‚</span> <span class='ocrx_word' id='word_1_361' title='bbox 672 4033 734 4102; x_wconf 89' lang='lat' dir='ltr'>jem.</span> <span class='ocrx_word' id='word_1_362' title='bbox 753 4033 895 4088; x_wconf 82' lang='lat' dir='ltr'>hiuweisen</span> <span class='ocrx_word' id='word_1_363' title='bbox 913 4034 987 4089; x_wconf 81' lang='lat' dir='ltr'>eul“.</span> 
     </span>
    </p>

    <p class='ocr_par' dir='ltr' id='par_1_15' title="bbox 228 4120 1461 4442">
     <span class='ocr_line' id='line_1_38' title="bbox 304 4120 1458 4191; baseline 0.003 -17"><span class='ocrx_word' id='word_1_364' title='bbox 304 4134 327 4175; x_wconf 82' lang='lat' dir='ltr'>e.</span> <span class='ocrx_word' id='word_1_365' title='bbox 353 4137 415 4175; x_wconf 85' lang='lat' dir='ltr'>cnm</span> <span class='ocrx_word' id='word_1_366' title='bbox 505 4120 626 4190; x_wconf 83' lang='lat' dir='ltr'>baberet]</span> <span class='ocrx_word' id='word_1_367' title='bbox 652 4122 728 4176; x_wconf 90' lang='lat' dir='ltr'>Bilde</span> <span class='ocrx_word' id='word_1_368' title='bbox 752 4122 789 4175; x_wconf 91' lang='lat' dir='ltr'>im</span> <span class='ocrx_word' id='word_1_369' title='bbox 811 4122 964 4176; x_wconf 82' lang='lat' dir='ltr'>Dentechen</span> <span class='ocrx_word' id='word_1_370' title='bbox 988 4122 1064 4176; x_wconf 90' lang='lat' dir='ltr'>einen</span> <span class='ocrx_word' id='word_1_371' title='bbox 1087 4121 1263 4176; x_wconf 80' lang='lat' dir='ltr'>Relatireatz!</span> <span class='ocrx_word' id='word_1_372' title='bbox 1290 4151 1325 4160; x_wconf 93' lang='lat'><em>-</em></span> <span class='ocrx_word' id='word_1_373' title='bbox 1349 4121 1458 4191; x_wconf 74' lang='grc' dir='ltr'>αιιιιιιε]</span> 
     </span>
     <span class='ocr_line' id='line_1_39' title="bbox 231 4210 1461 4279; baseline 0.001 -15"><span class='ocrx_word' id='word_1_374' title='bbox 231 4210 478 4279; x_wconf 87' lang='lat' dir='ltr'>‚‚Berechtigung“.</span> <span class='ocrx_word' id='word_1_375' title='bbox 505 4240 537 4248; x_wconf 90' lang='lat'>-</span> <span class='ocrx_word' id='word_1_376' title='bbox 563 4210 692 4277; x_wconf 71' lang='lat' dir='ltr'>beneficio</span> <span class='ocrx_word' id='word_1_377' title='bbox 710 4215 758 4265; x_wconf 90' lang='lat' dir='ltr'>tuo</span> <span class='ocrx_word' id='word_1_378' title='bbox 777 4211 827 4266; x_wconf 85' lang='lat' dir='ltr'>boc</span> <span class='ocrx_word' id='word_1_379' title='bbox 851 4217 1011 4266; x_wconf 77' lang='lat' dir='ltr'>ennenelus</span> <span class='ocrx_word' id='word_1_380' title='bbox 1035 4211 1106 4278; x_wconf 85' lang='lat' dir='ltr'>sum]</span> <span class='ocrx_word' id='word_1_381' title='bbox 1126 4210 1204 4278; x_wconf 86' lang='lat' dir='ltr'>„dies</span> <span class='ocrx_word' id='word_1_382' title='bbox 1221 4210 1289 4264; x_wconf 81' lang='lat' dir='ltr'>habe</span> <span class='ocrx_word' id='word_1_383' title='bbox 1307 4210 1350 4264; x_wconf 92' lang='lat' dir='ltr'>ich</span> <span class='ocrx_word' id='word_1_384' title='bbox 1369 4211 1461 4265; x_wconf 88' lang='lat' dir='ltr'>deiner</span> 
     </span>
     <span class='ocr_line' id='line_1_40' title="bbox 229 4298 1461 4369; baseline 0 -15"><span class='ocrx_word' id='word_1_385' title='bbox 229 4299 304 4354; x_wconf 89' lang='lat' dir='ltr'>Huld</span> <span class='ocrx_word' id='word_1_386' title='bbox 322 4317 354 4353; x_wconf 86' lang='lat' dir='ltr'>nu</span> <span class='ocrx_word' id='word_1_387' title='bbox 372 4299 505 4353; x_wconf 84' lang='lat' dir='ltr'>danken“.</span> <span class='ocrx_word' id='word_1_388' title='bbox 525 4327 559 4338; x_wconf 92' lang='lat'><em>-</em></span> <span class='ocrx_word' id='word_1_389' title='bbox 573 4300 742 4368; x_wconf 79' lang='lat' dir='ltr'>proemium]</span> <span class='ocrx_word' id='word_1_390' title='bbox 765 4299 848 4353; x_wconf 82' lang='lat' dir='ltr'>heiist</span> <span class='ocrx_word' id='word_1_391' title='bbox 869 4299 930 4369; x_wconf 89' lang='lat' dir='ltr'>jede</span> <span class='ocrx_word' id='word_1_392' title='bbox 948 4300 1000 4354; x_wconf 86' lang='lat' dir='ltr'>Art</span> <span class='ocrx_word' id='word_1_393' title='bbox 1018 4299 1233 4367; x_wconf 83' lang='lat' dir='ltr'>Auszeiohnung‚</span> <span class='ocrx_word' id='word_1_394' title='bbox 1259 4298 1301 4352; x_wconf 88' lang='lat' dir='ltr'>die</span> <span class='ocrx_word' id='word_1_395' title='bbox 1325 4315 1389 4354; x_wconf 84' lang='lat' dir='ltr'>meu</span> <span class='ocrx_word' id='word_1_396' title='bbox 1413 4317 1461 4354; x_wconf 81' lang='lat' dir='ltr'>vor</span> 
     </span>
     <span class='ocr_line' id='line_1_41' title="bbox 228 4388 1460 4442; baseline -0.004 0"><span class='ocrx_word' id='word_1_397' title='bbox 228 4389 342 4442; x_wconf 84' lang='lat' dir='ltr'>cuderen</span> <span class='ocrx_word' id='word_1_398' title='bbox 360 4405 454 4442; x_wconf 84' lang='lat' dir='ltr'>vorens</span> <span class='ocrx_word' id='word_1_399' title='bbox 472 4388 529 4442; x_wconf 85' lang='lat' dir='ltr'>het.</span> <span class='ocrx_word' id='word_1_400' title='bbox 1455 4407 1460 4420; x_wconf 82' lang='lat'><strong>·</strong></span> 
     </span>
    </p>
   </div>
   <div class='ocr_carea' id='block_1_11' title="bbox 0 0 1590 4922">
    <p class='ocr_par' dir='ltr' id='par_1_16' title="bbox 0 0 1590 4922">
     <span class='ocr_line' id='line_1_42' title="bbox 0 0 1590 4922; baseline 0 3"><span class='ocrx_word' id='word_1_401' title='bbox 0 0 1590 4922; x_wconf 95' lang='lat' dir='ltr'> </span> 
     </span>
    </p>
   </div>
  </div>
 </body>
</html>
