3134 4922
260 340 314 401 164
752 341 792 394 De
810 341 878 394 bello
896 339 996 395 Gallieo

261 522 356 587 opera
387 502 542 586 stipendio
578 502 732 567 liberatus
770 503 868 578 esset,
900 502 984 583 quod
1012 500 1205 578 Amatoris,
1236 501 1380 564 finitimis
1412 501 1483 577 suis,

260 610 397 693 pendere
421 611 615 685 consuesset,
640 608 786 690 quodque
811 609 840 672 ei
863 609 1002 672 attilius
1026 609 1059 671 et
1087 607 1195 672 fratris
1225 607 1310 672 filius
1340 609 1380 672 ab
1410 607 1484 672 Gae-

261 735 331 782 sare
355 716 479 781 remissi
503 716 617 791 essent
642 733 720 796 quos
744 714 904 779 Aduatuci
926 714 1072 780 obsidum
1095 733 1228 779 numero
1255 714 1371 778 missos
1402 714 1483 796 apud

234 842 294 888 ase
318 824 351 888 in
374 823 526 888 servitute
551 823 583 886 et
606 822 726 886 eatenis
758 822 952 896 tenuissent;
982 839 1086 902 neque
1114 820 1164 898 id,
1194 821 1277 903 quod
1306 821 1419 886 feeerit
1449 821 1483 884 de

260 929 493 1013 oppugnatione
525 931 718 1004 aestrorum,
756 930 813 992 aut
846 928 961 992 iudicio
992 930 1050 992 aut
1078 929 1243 993 voluntate
1275 946 1334 992 sua
1364 926 1481 1004 senisse,

260 1035 316 1100 sed
340 1038 452 1100 eoaotu
475 1035 623 1112 divitatis,
647 1053 768 1116 suaque
793 1053 862 1099 essa
887 1035 1042 1099 eiusmodi
1064 1035 1206 1117 imperia,
1229 1036 1267 1098 ut
1293 1053 1359 1098 non
1381 1035 1484 1098 minus

233 1144 392 1207 thaberet
415 1143 493 1206 iuris
517 1143 549 1206 in
574 1161 607 1206 se
630 1142 820 1219 multitudo,
852 1161 949 1223 quam
978 1143 1046 1224 ipse
1076 1142 1109 1205 in
1140 1141 1392 1205 multitudinem.
1438 1141 1485 1206 Gi-

260 1250 353 1313 vitati
375 1268 467 1332 porro
491 1250 574 1313 hano
597 1248 695 1312 fuisse
719 1249 794 1313 belli
824 1267 968 1324 eausam,
999 1248 1083 1329 quod
1114 1249 1297 1331 repentinae
1322 1247 1485 1312 Gallorum

259 1356 467 1421 eoniurationi
490 1356 639 1420 resistere
661 1374 725 1420 non
748 1356 897 1438 potuerit.
934 1354 974 1419 Id
997 1373 1030 1420 se
1053 1355 1145 1419 faoile
1168 1373 1207 1420 ex
1229 1353 1414 1420 humilitate
1431 1373 1486 1418 sua

259 1463 391 1545 probare
414 1481 516 1546 posse,
541 1463 624 1543 quod
648 1481 711 1527 non
734 1461 811 1526 adeo
836 1462 879 1526 sit
901 1462 1068 1544 imperitus
1091 1480 1209 1536 rerum,
1233 1463 1270 1524 ut
1298 1462 1366 1525 suis
1391 1462 1485 1545 oopiia

236 1569 413 1651 spopulum
444 1571 624 1634 Romanum
661 1569 804 1653 superari
840 1587 931 1651 posse
969 1568 1115 1633 confidat.
1170 1567 1232 1632 Sed
1263 1587 1333 1633 esse
1366 1567 1485 1633 Galliae

260 1693 426 1740 commune
450 1676 635 1740 eonsilium:
659 1676 806 1739 omnibus
829 1675 969 1740 hibernia
987 1674 1133 1740 Caesaris
1157 1675 1380 1757 oppugnandis
1404 1676 1486 1738 hune

260 1799 329 1846 esse
354 1781 475 1846 dietum
505 1782 604 1859 diem,
632 1801 672 1846 ne
703 1800 766 1863 qua
795 1781 876 1863 legio
909 1782 1027 1845 alterae
1060 1781 1176 1862 legioni
1209 1780 1349 1845 subsidio
1381 1782 1485 1846 venire

234 1889 377 1970 eposset.
422 1888 494 1951 Non
517 1888 608 1952 faoile
633 1887 742 1953 Gades
767 1887 867 1953 Gadis
890 1905 1007 1970 negare
1030 1889 1181 1971 potuisse,
1204 1888 1397 1970 praesertim
1415 1907 1485 1952 oum

260 1993 298 2058 de
333 1995 551 2077 recuperanda
585 1996 745 2060 eommuni
779 1995 927 2060 libertate
963 1995 1130 2059 eonsilium
1163 1995 1281 2058 initum
1315 1994 1485 2060 rideretur.

235 2099 383 2178 rQuibns
408 2102 558 2182 quoniam
580 2121 636 2185 pro
659 2103 778 2185 pietate
803 2101 1002 2178 satisfeearit,
1025 2102 1141 2166 habere
1165 2121 1250 2165 nune
1273 2119 1307 2166 se
1331 2102 1485 2166 rationem

260 2206 353 2270 offleii
376 2226 432 2290 pro
462 2209 620 2274 benefieiis
650 2208 814 2273 Caesaris:
849 2227 993 2285 mouere,
1029 2227 1117 2272 orare
1148 2208 1307 2272 Titurium
1341 2227 1399 2291 pro
1434 2208 1486 2272 ho·
1545 2229 1546 2236 ¹

235 2313 363 2395 aspitio‚
387 2316 424 2377 ut
447 2333 523 2379 suae
548 2334 584 2379 ae
607 2316 747 2379 militum
771 2316 868 2379 saluti
891 2315 1046 2405 consulat.
1084 2315 1235 2396 Magnam
1258 2333 1393 2379 manum
1411 2314 1484 2380 Ger·

258 2490 379 2560 pfliohtat
397 2509 428 2544 zu
448 2493 533 2545 sein“‚
563 2521 596 2530 ·-
625 2493 699 2561 qood
778 2493 851 2560 qaod
931 2491 1068 2561 quodque]
1092 2492 1151 2545 Nur
1169 2492 1217 2546 das
1235 2494 1306 2546 erate
1331 2493 1386 2547 und
1406 2493 1485 2547 dritta
1544 2513 1545 2516 ¹

259 2579 318 2632 sind
337 2580 505 2633 koordiniert.
527 2610 558 2618 -
578 2581 704 2636 obedum
717 2582 843 2648 amnero]
862 2598 883 2636 s.
898 2581 964 2651 Kap.
979 2581 1036 2649 5,4
1056 2598 1087 2634 ru
1105 2581 1363 2636 euadentem-
1381 2582 1484 2648 animm]

258 2666 318 2722 Aul.
339 2667 374 2735 G;
404 2685 455 2722 was
474 2669 524 2722 mir
546 2670 682 2737 geschiolrt
700 2669 779 2736 wind,
807 2670 941 2724 belromme
959 2670 1009 2724 ioh.
1037 2699 1073 2708 —
1100 2671 1132 2723 ia
1157 2669 1262 2724 rutenia
1285 2671 1388 2737 tenere]
1419 2671 1485 2737 „wie

259 2757 333 2810 einen
353 2755 518 2826 Gelanganen
536 2758 718 2824 behandeln“;
738 2759 929 2828 antepreehend
946 2759 1081 2812 iibersatne
1099 2759 1132 2812 ἐπ
1149 2759 1293 2814 servitute!

332 2859 354 2900 a.
374 2846 409 2900 de
421 2847 637 2916 oppapnatieae]
652 2847 794 2902 Veruende
811 2847 1055 2913 „riielrsiehtlich“!
1071 2876 1103 2886 --
1118 2847 1267 2916 mimante]
1286 2848 1325 2902 ist
1338 2849 1485 2902 sohwaoher

259 2936 299 2988 als
312 2935 434 3003 tredecim
456 2953 484 2989 er
498 2936 613 3004 leugnat,
633 2936 707 2990 nieht
727 2953 777 2990 nur
791 2936 832 2989 die
846 2936 1061 3005 Entsehlielsung
1075 2936 1180 3005 gelasst,
1200 2937 1312 2990 soudern
1327 2954 1407 3006 sogar
1421 2938 1484 2991 naoh

258 3025 343 3078 sainer
360 3025 484 3094 Neigung
502 3025 645 3092 gehandelt
663 3043 694 3078 ru
712 3025 804 3079 haben.
826 3055 859 3064 --
879 3026 988 3092 coacto]
1007 3042 1028 3079 s.
1047 3027 1132 3080 missae
1150 3025 1165 3095 ξ
1186 3028 1209 3079 l.
1229 3055 1263 3064 -
1282 3027 1416 3094 imperia]
1435 3027 1485 3080 Der

257 3113 349 3166 Plural
363 3114 445 3181 steht,
464 3113 521 3167 weil
535 3131 585 3168 von
600 3113 659 3166 dem
672 3113 820 3182 Regiment‚
839 3114 887 3167 wie
902 3131 929 3167 es
943 3115 971 3168 in
985 3113 1088 3168 Gallien
1102 3113 1251 3184 iiberhaupt
1269 3131 1301 3166 zu
1321 3115 1377 3168 sein
1395 3116 1483 3186 pllegt,

258 3203 300 3255 die
313 3202 385 3256 Reda
403 3203 448 3256 iat.
480 3203 520 3256 Im
538 3202 676 3270 folgenden
695 3203 769 3256 steht
782 3203 852 3256 dann
871 3202 917 3256 der
931 3202 1061 3272 Singular,
1079 3203 1138 3257 weil
1156 3220 1185 3257 or
1198 3203 1400 3274 beispielaweise
1418 3203 1484 3258 blois
1542 3197 1543 3222 ³

258 3307 308 3344 von
326 3290 382 3343 siah
400 3291 482 3344 radet.
509 3321 543 3329 -
567 3307 625 3346 noae
643 3291 736 3345 minae
754 3291 839 3347 habeo
857 3292 930 3346 turis
947 3293 979 3345 in
997 3293 1068 3359 eum]
1095 3291 1160 3358 „iah
1183 3292 1252 3346 habe
1275 3292 1351 3346 nieht
1373 3294 1484 3361 weniger

257 3377 344 3432 Reoht
361 3379 415 3432 ihm
433 3381 611 3448 gagenliber“.
1420 3415 1428 3428 ·

331 3481 387 3520 tu.
409 3481 432 3522 e.
447 3469 546 3537 porro]
576 3469 730 3536 „sodann“.
760 3499 793 3508 -
821 3469 975 3538 humilitas]
1003 3469 1153 3524 bezeichnat
1181 3469 1223 3523 die
1246 3469 1386 3540 politiseha
1416 3469 1482 3524 Ohn·

256 3556 354 3610 maeht.
374 3587 407 3595 -
423 3558 553 3626 probare]
574 3559 751 3625 ‚,arwaisen“.
771 3589 805 3598 -
829 3560 974 3628 imperitus
992 3558 1094 3626 reram]
1115 3558 1268 3612 unbekannt
1284 3559 1335 3612 mit
1354 3559 1406 3613 den
1424 3559 1484 3612 Ver·

257 3643 404 3698 hiltnissen
423 3667 457 3688 --
477 3646 564 3712 „ohne
581 3646 762 3715 Erfahrung“‚
784 3675 815 3685 —
836 3648 949 3716 dietum]
969 3648 1035 3702 aueh
1056 3649 1132 3701 sonst
1144 3671 1180 3691 ==
1194 3648 1388 3713 manitatem
1414 3665 1482 3700 woau

257 3733 304 3786 der
322 3731 378 3800 Tag
395 3733 531 3786 bestimmt
548 3734 592 3801 ist,
611 3735 676 3788 wird
694 3735 777 3788 dureh
796 3735 846 3789 dan
864 3736 944 3789 Dativ
962 3736 1008 3790 des
1027 3734 1173 3791 Garrmdirs
1192 3735 1376 3803 ausgedrtiolrt.

330 3833 354 3875 e.
377 3820 477 3876 Gallus
496 3822 578 3878 Gallo
596 3839 697 3893 aspare
715 3841 772 3879 uon
791 3825 895 3893 pateat]
922 3824 989 3890 „ein
1008 3823 1107 3878 Gallier
1129 3823 1199 3877 kann
1223 3841 1251 3877 es
1276 3824 1335 3878 dem
1360 3825 1482 3878 anderu
1540 3829 1541 3840 ¹

257 3909 332 3964 nieht
349 3910 539 3979 absehlagen“.
569 3941 602 3950 —
632 3913 779 3968 renalium
797 3913 901 3968 initam
919 3913 1031 3968 videtur
1050 3913 1082 3967 de
1102 3912 1156 3981 ...]
1176 3929 1227 3980 „es
1246 3913 1351 3966 seheint
1368 3913 1426 3966 sich
1445 3913 1482 3964 bai

256 3998 316 4052 dem
334 3998 414 4052 Plane
433 4017 464 4052 uu
482 4000 596 4054 handaln
615 4018 659 4055 um
679 4002 747 4056 ...“,

221 4129 225 4135 .
330 4099 352 4142 r.
368 4104 423 4156 pro
433 4089 552 4159 pietate]
572 4091 641 4158 „als
655 4090 915 4157 Vaterlandstreund,
930 4090 1071 4156 Patriot“;
1090 4090 1281 4160 antapreohend
1299 4090 1416 4144 naehher
1431 4106 1482 4160 pro
1539 4093 1540 4098 ’

255 4177 380 4246 torpido.
401 4206 434 4215 -
462 4177 635 4247 satisfacere]
654 4178 714 4232 Anl.
733 4179 765 4233 U.
785 4207 820 4220 -
847 4179 983 4234 rationem
999 4179 1097 4234 habea
1114 4178 1168 4247 rea]
1188 4179 1283 4246 „einer
1301 4179 1383 4234 &eho
1401 4178 1484 4233 Rach-

255 4283 328 4335 nung
346 4269 454 4335 tragon,
478 4267 623 4320 Riielrsioht
646 4267 757 4321 nahmen
775 4269 822 4322 asrf
839 4268 907 4322 ...“.
927 4297 961 4306 -
987 4266 1121 4336 effictum]
1140 4271 1177 4322 ist
1195 4268 1242 4322 der
1261 4267 1483 4322 substantiriseho

254 4355 356 4424 Begriff
371 4372 403 4408 au
422 4355 481 4408 dem
498 4355 613 4409 Verbum
632 4355 726 4410 debere
745 4357 759 4425 ἓ
779 4357 804 4410 2.
825 4384 858 4394 -
877 4356 1027 4424 emulare]
1048 4355 1107 4411 Aul.
1126 4356 1158 4411 U.

1535 4691 1538 4890 l
