3086 4920
248 377 303 438 274
741 380 781 434 De
799 379 867 434 bello
886 377 985 434 Gailioo

225 543 343 606 animis
373 542 463 605 firmo
493 543 619 619 tamen,
649 541 836 605 tenebatur:
867 541 993 604 silentio
1020 541 1123 604 noetis
1147 540 1267 605 Caesar
1296 560 1334 605 ex
1362 541 1461 605 eastris

249 667 414 732 egressus,
448 648 636 731 priusquam
671 648 810 712 subsidio
847 667 885 712 er
918 646 1031 730 oppido
1065 647 1166 711 veniri
1194 650 1322 730 posset,
1356 647 1462 712 deieoto

249 755 405 840 praesidio
433 755 556 838 potitus
583 755 651 818 loeo
680 753 760 818 duas
788 755 832 819 ibi
857 755 997 835 legiones
1022 754 1187 818 oollooavit
1209 753 1390 836 fossamque
1416 754 1463 818 du-

248 864 363 947 plioem
386 861 568 926 duodenum
590 860 709 943 pedum
732 879 751 924 u
773 861 946 925 maioribus
969 861 1082 924 eastris
1113 860 1153 924 ud
1175 860 1301 925 minora
1322 861 1463 944 perduxit,

248 972 287 1034 ut
316 971 388 1034 tuto
418 969 457 1033 ab
487 968 652 1051 repentino
681 968 825 1032 hostium
857 968 988 1031 inoursu
1023 967 1123 1030 etiam
1153 967 1272 1048 singuli
1302 985 1463 1031 commeare

248 1077 388 1159 possent.

196 1189 238 1252 37
338 1182 425 1246 Dum
454 1182 534 1246 haeo
564 1180 603 1245 ad
632 1180 823 1262 Gergoviam
851 1181 1021 1261 geruntur,
1051 1179 1311 1245 Conriotolitavis
1337 1180 1463 1256 Aeduus,

250 1288 302 1352 oui
328 1288 555 1368 magistratum
584 1287 802 1352 adiudicatum
830 1305 849 1350 a
874 1285 1009 1350 Caesare
1034 1286 1335 1364 demonstravimus,
1361 1286 1463 1350 solliei-

249 1397 338 1458 tatus
367 1395 406 1458 ab
430 1394 580 1459 Arvernis
610 1395 746 1477 peounia
773 1411 847 1458 oum
876 1393 1069 1474 quibusdum
1099 1393 1355 1458 adulescentibus
1380 1393 1462 1457 eollo

251 1501 377 1583 quitum
409 1520 544 1582 quorum
573 1502 642 1565 erat
664 1500 811 1583 prinoeps
835 1499 1016 1564 Litavioous
1040 1501 1137 1580 atque
1162 1500 1230 1563 eius
1253 1499 1379 1576 fratres,
1404 1517 1462 1562 am-

226 1608 393 1691 rplissima
422 1607 543 1671 familia
570 1607 639 1672 nati
667 1606 896 1671 adulesoentes.
943 1606 1024 1671 Cum
1050 1606 1102 1670 his
1129 1607 1308 1688 praemium
1335 1625 1462 1670 eommu-

249 1715 336 1779 niout
364 1714 591 1796 hortaturque,
626 1716 663 1778 ut
697 1732 731 1778 se
765 1714 882 1778 liberos
916 1715 948 1777 et
978 1713 1110 1796 imperio
1141 1715 1234 1777 notos
1264 1712 1460 1777 meminerint.

225 1820 356 1886 eUnam
380 1840 449 1886 esso
472 1821 656 1885 Aeduorum
680 1820 857 1898 eivitatem,
886 1839 967 1901 quae
996 1820 1208 1884 certissimam
1232 1819 1354 1884 Galliae
1376 1819 1461 1883 vieto

249 1928 331 1991 riam
354 1927 522 2001 distineat;
554 1929 621 1992 eius
651 1927 840 1991 auctoritate
868 1927 1008 2008 reliquas
1037 1927 1208 2001 contineri3
1240 1945 1305 2007 qua
1327 1924 1460 1989 traducta

223 2034 356 2098 rlooum
385 2035 579 2098 consistendi
608 2034 760 2098 Romanis
789 2034 822 2097 in
854 2033 960 2099 Callia
993 2052 1057 2097 non
1087 2033 1162 2098 fore.
1215 2033 1295 2097 Esse
1324 2030 1460 2096 nonnullo

251 2159 283 2204 se
313 2139 458 2205 Caesaris
485 2141 636 2206 beneficio
666 2140 828 2218 affectum,
861 2140 906 2204 sio
935 2142 1058 2218 tamen,
1088 2142 1125 2203 ut
1152 2139 1362 2204 iustissimam
1388 2135 1461 2220 apud

225 2266 324 2311 reum
344 2265 473 2312 oausam
490 2248 678 2322 obtinuerit;
704 2247 759 2312 sed
781 2247 855 2330 plus
879 2247 1040 2311 oommuni
1062 2247 1204 2311 libertati
1228 2246 1374 2310 tribuere.
1405 2243 1460 2308 Cur

250 2354 335 2418 enim
361 2354 467 2437 potius
491 2354 594 2419 Aedui
624 2354 661 2418 de
692 2341 764 2418 suo'
779 2355 848 2418 iure
877 2356 910 2418 et
938 2353 975 2418 de
1003 2354 1127 2434 legibus
1152 2353 1191 2417 ad
1215 2351 1383 2418 Caesarem
1407 2350 1461 2413 dis·

224 2462 457 2543 eoeptatorem‚
488 2480 586 2543 quam
614 2460 751 2524 Romani
781 2461 820 2525 ad
850 2461 976 2524 Aeduos
1007 2461 1161 2524 veniant?
1214 2458 1367 2524 Celeriter
1393 2457 1460 2520 adu·
1523 2449 1524 2538 l

248 2567 442 2631 lesoentibus
471 2569 504 2632 et
532 2568 672 2632 oratione
701 2567 910 2649 magistratus
934 2568 967 2631 et
989 2567 1129 2649 praemio
1154 2566 1314 2642 deduotis,
1345 2584 1412 2630 oum
1432 2581 1459 2626 se

243 2799 411 2866 priusquam
429 2796 553 2852 subsidio
571 2797 661 2850 ueniri
676 2796 778 2866 posset]
801 2794 902 2850 Cehtrt
920 2795 1004 2849 dieser
1022 2795 1083 2849 Satz
1102 2813 1134 2848 zu
1152 2793 1295 2864 quasue?
1318 2824 1352 2834 —
1373 2790 1460 2857 maior]

249 2902 269 2940 s.
289 2885 355 2956 Kap.
373 2887 417 2952 35,
437 2888 461 2940 1.
484 2913 514 2922 —
535 2884 693 2952 commeare]
713 2885 781 2952 „hin
799 2885 853 2938 und
871 2885 919 2938 her
936 2885 1036 2952 gehn“.

319 2974 397 3043 Καρ.
415 2975 462 3030 37.
505 2987 525 3028 ι.
549 2974 709 3041 sollicitare]
734 2973 946 3041 ‚‚aufwiegeln“;
971 2973 1104 3027 dedueere
1123 2973 1313 3040 ,‚verliihren“.
1338 3002 1369 3011 —
1393 2970 1460 3024 eollo

248 3064 308 3134 qui]
327 3063 387 3118 Anl.
406 3062 439 3117 U.

323 3166 345 3208 a.
364 3169 439 3207 unus
457 3158 505 3219 oet,
525 3153 574 3221 qui
593 3152 646 3220 ...l
670 3152 706 3206 ist
724 3150 940 3205 naohdrliekliuh'e
958 3151 1166 3220 Umsehreibung
1184 3150 1287 3204 wotiir?
1312 3179 1340 3188 -
1359 3147 1461 3206 aalma·

247 3243 319 3309 mus]
343 3243 397 3295 Der
415 3242 505 3295 latein.
526 3241 674 3310 Superlativ
696 3239 762 3294 ldsst
780 3240 836 3293 sich
855 3241 894 3293 oft
912 3241 995 3294 duroh
1014 3241 1122 3309 ‚‚ganz“
1142 3244 1260 3294 ersetzen
1283 3270 1318 3280 —
1342 3236 1461 3302 detinere]

249 3331 317 3396 „(im
335 3329 703 3399 Weitergohn)aulha1ton“.
730 3356 762 3366 ·-
788 3329 955 3396 auctoritas]
980 3329 1030 3383 Die
1048 3329 1283 3398 Handlungsweise
1301 3328 1461 3398 angesehener

248 3419 331 3472 leuto
348 3419 386 3472 ist
403 3419 445 3472 fiir
463 3419 557 3473 andere
576 3419 617 3472 ein
636 3418 833 3486 malsgebendos
852 3418 973 3488 Boispiel.
985 3449 1027 3482 ,-
1051 3418 1197 3486 contineri]
1216 3417 1278 3473 Aul.
1297 3419 1324 3472 N
1329 3417 1347 3474 ⁶.
1366 3447 1397 3457 -
1414 3431 1461 3486 quo

250 3506 392 3575 traducta]
415 3507 512 3561 Wohin
531 3507 614 3561 sollen
632 3507 673 3561 die
691 3496 781 3560 liduer
799 3506 968 3575 dbergehen?
995 3535 1027 3545 -
1054 3508 1129 3562 loeas
1147 3505 1325 3580 consistendi]
1350 3506 1411 3561 Dals
1426 3504 1461 3556 die

248 3595 345 3650 Rtmer
362 3596 492 3649 trotzdom
510 3597 577 3650 uoeh
596 3597 638 3650 die
655 3596 827 3664 Mdgliohkeit
844 3596 951 3663 hatten,
976 3597 1032 3650 sich
1051 3613 1083 3650 zu
1100 3597 1204 3664 hulten,
1227 3597 1337 3650 beneist
1354 3597 1397 3650 der
1413 3591 1462 3646 woi-

249 3688 305 3738 ters
323 3683 437 3738 Vorlauf.

321 3784 345 3827 4.
364 3773 404 3828 sio
421 3779 519 3841 tamea,
538 3775 583 3842 ut]
602 3775 708 3828 anthus
726 3775 783 3827 eine
800 3774 1014 3843 Besehrdnlnmg.
1050 3775 1116 3828 Duss
1135 3792 1164 3830 er
1181 3773 1263 3829 Cdsar
1280 3775 1399 3828 manchus
1416 3788 1462 3825 ver-

248 3862 339 3928 dankt
357 3862 465 3930 gesteht
482 3879 511 3916 er
529 3880 574 3929 zu3
600 3863 633 3916 da
657 3880 685 3916 er
710 3864 771 3917 aber
796 3881 848 3916 nur
871 3864 926 3917 sein
944 3867 1022 3932 gutes
1040 3864 1127 3918 Reoht
1147 3864 1190 3916 bei
1212 3864 1267 3917 ihm
1291 3861 1462 3932 durehgeselzt

247 3951 328 4017 habe,
354 3968 383 4004 so
406 3952 501 4019 glaubt
524 3969 553 4005 er
574 3952 629 4005 ihm
652 3952 765 4020 weniger
786 3952 951 4022 verplliehtat
975 3970 1007 4006 zu
1032 3953 1087 4006 sein
1111 3952 1166 4006 und
1190 3952 1232 4005 die
1255 3952 1371 4007 Freihoit
1390 3950 1462 4004 hther

248 4039 343 4092 stellen
362 4057 394 4092 zu
412 4045 525 4094 mlissen.

322 4140 344 4182 a.
370 4145 420 4183 eru
497 4129 594 4198 potius
674 4128 797 4197 ueniant]
821 4129 876 4181 Der
893 4129 1056 4198 Konjunktiv
1077 4130 1126 4183 hat
1144 4129 1210 4183 auch
1229 4129 1311 4184 sehon
1327 4131 1356 4184 in
1372 4129 1415 4182 der
1430 4125 1461 4178 di·

248 4217 339 4271 rolrten
357 4217 429 4271 Reda
446 4217 605 4286 gastandan:
630 4234 749 4285 „warum
773 4218 905 4271 sollten
928 4219 984 4272 sieh
1064 4220 1126 4273 eher
1207 4219 1357 4274 wendon?“
1380 4247 1410 4256 -
1432 4213 1461 4267 dl

247 4321 297 4359 suo
315 4306 386 4374 tare]
407 4307 455 4374 „in
473 4306 575 4374 Fragen
593 4306 664 4359 ihres
682 4305 811 4360 Rechts“.

321 4408 343 4450 u.
363 4397 467 4464 oratio]
485 4396 552 4466 Kap.
571 4395 614 4462 21,
635 4397 659 4448 1.
679 4423 713 4432 ——
732 4393 951 4450 adulescentibus
970 4396 1103 4464 deductis,
1122 4395 1195 4464 eum]
1214 4395 1275 4452 Aul.
1290 4397 1326 4451 M.
1345 4425 1376 4434 -
1392 4392 1462 4463 prin·
