3086 4920
533 367 630 423 Comm.
649 367 708 435 VH,
727 385 748 423 c.
767 368 883 424 41-44.
1272 366 1326 430 279

78 527 258 594 Cabillono
282 527 439 603 educunt3
470 528 556 593 idem
579 527 682 594 lacere
706 531 824 611 cogunt
848 548 921 608 ece,
945 529 1000 612 qui
1021 531 1205 612 negotiandi
1228 551 1326 597 causa

76 635 126 698 ibi
154 635 381 700 const'terant.
426 635 494 699 Hos
523 635 674 700 continuo
702 636 735 699 in
758 636 871 701 itinere
896 637 999 701 adorti
1022 638 1168 702 omnibus
1191 639 1350 722 impedi-e

75 742 210 806 mentis
249 743 386 817 exuunt3
420 744 638 824 repugnantes
668 743 754 807 diem
789 744 979 834 noctemque
1015 744 1176 819 obsident3
1211 746 1323 810 multis

76 849 257 930 utrimque
280 847 456 913 interiectis
480 849 634 913 maiorem
656 849 897 915 multitudinem
917 852 1115 914 armatorum
1129 851 1300 916 concitant.

177 955 318 1019 Interim
340 956 454 1021 nuntio
478 956 585 1033 allato,
609 974 718 1020 omnes
743 974 853 1021 eorum
876 957 994 1022 milites
1018 958 1051 1021 in
1066 959 1226 1040 potestate
1244 957 1376 1026 Cae-48

76 1062 170 1126 saris
195 1061 309 1140 teneri,
333 1064 527 1128 concurrunt
550 1063 591 1126 ad
613 1063 779 1141 Aristium,
801 1063 882 1127 nihil
904 1063 1030 1147 publico
1054 1063 1176 1128 factum
1191 1064 1321 1129 consilio

76 1168 332 1243 demonstrant;
363 1169 584 1250 quaestionem
613 1169 652 1233 do
680 1169 770 1234 bonis
794 1169 935 1254 direptis
951 1170 1140 1249 decernunt,
1169 1171 1347 1236 Litaviccir

75 1275 294 1357 fratrumque
322 1276 405 1340 bona
427 1276 605 1359 publicant,
639 1277 762 1358 legatos
799 1277 839 1341 ad
873 1276 1044 1343 Caesarem
1079 1279 1129 1342 sui
1163 1277 1322 1360 purgandi

76 1382 195 1464 gratia
220 1382 364 1447 mittunt.
409 1382 498 1447 Haec
520 1381 642 1448 faciunt
664 1383 944 1465 reciperandorum
967 1401 1098 1448 suorum
1121 1402 1233 1458 causa;
1266 1384 1346 1450 sedo

76 1489 302 1554 contaminati
330 1487 469 1554 facinore
499 1490 532 1554 et
555 1489 640 1572 capti
663 1489 847 1572 compendio
872 1509 909 1554 ex
939 1490 1070 1573 direptis
1099 1490 1206 1568 bonis,
1237 1490 1321 1572 quod

77 1615 119 1660 ea
145 1614 203 1660 res
229 1595 269 1660 ad
292 1596 411 1660 multos
434 1596 622 1679 pertinebat,
645 1596 759 1661 timore
782 1615 901 1680 poenae
926 1596 1068 1661 exterriti
1092 1597 1222 1662 consilio
1237 1597 1321 1661 olam

77 1703 119 1767 de
155 1703 244 1766 bello
273 1702 352 1766 inire
382 1703 538 1785 incipiunt
566 1703 775 1785 civitatesque
806 1704 947 1785 reliquus
969 1704 1182 1786 legationibus
1206 1703 1321 1768 sollici-

76 1809 170 1874 tant.
221 1807 309 1887 Quae
340 1810 471 1873 tametsi
494 1809 612 1874 Caesar
640 1810 861 1892 intellegebat,
892 1812 1001 1875 tamen
1032 1829 1129 1892 quam
1151 1809 1344 1877 mitissimer

76 1917 200 1999 potest
223 1915 346 1997 legatos
370 1916 528 1999 appellat:
551 1917 633 1980 nihil
656 1935 690 1981 se
713 1919 842 2000 propter
865 1917 1068 1982 inscientiam
1090 1917 1320 1999 levitatemque

78 2023 180 2104 vulgi
212 2023 340 2104 gratim
371 2023 410 2086 de
435 2022 562 2088 civitate
586 2022 725 2088 iudicare
748 2042 853 2106 neque
877 2023 915 2088 de
940 2042 999 2088 sua
1021 2025 1054 2087 in
1076 2023 1203 2088 Aeduos
1226 2023 1321 2087 bene-

76 2129 232 2195 volentia
266 2130 458 2194 deminuere.
502 2129 575 2213 Ipse
610 2130 764 2195 maiorem
799 2130 922 2196 Galliac
961 2132 1085 2195 motum
1124 2132 1345 2213 exspectansa

76 2255 122 2301 ne
151 2237 195 2300 ab
221 2236 366 2301 omnibus
390 2237 571 2302 civitatibus
595 2237 892 2316 oiroumsisteretur,
917 2238 1047 2302 consilia
1069 2237 1185 2315 inibat,
1210 2255 1321 2319 quern-

78 2341 267 2408 admodum
301 2342 340 2407 ab
372 2342 527 2425 Gergovia
562 2342 738 2408 diseederet
768 2363 804 2408 oc
838 2363 949 2408 rursus
985 2363 1111 2408 omnem
1146 2344 1320 2408 exercitum

78 2449 311 2526 contraheret,
339 2468 379 2514 ne
403 2449 554 2532 profectio
577 2451 655 2514 nata
679 2450 718 2515 ab
742 2450 855 2515 timore
879 2449 1063 2515 defectionis
1087 2450 1200 2514 similis
1224 2448 1319 2530 fugae

76 2557 263 2622 videretur.
1214 2567 1219 2574 ·

179 2662 270 2727 Haec
300 2663 453 2745 cogitanti
483 2663 624 2728 accidere
654 2663 723 2727 visa
747 2663 796 2726 est
820 2661 956 2727 facultas
979 2661 1058 2726 bene
1081 2662 1128 2726 rei
1151 2661 1372 2744 gerendae44

77 2770 174 2834 Nam
205 2788 280 2833 curn
309 2769 342 2832 in
369 2770 493 2834 minora
523 2771 628 2835 castra
658 2769 760 2852 operis
795 2768 1004 2852 perspiciendi
1039 2785 1136 2832 causa
1169 2768 1318 2846 venisset,

76 2965 186 3034 legion
206 2967 355 3032 unterwegs
373 2981 434 3018 war.
462 2992 493 3001 -
518 2963 572 3031 pide
591 2964 672 3032 duta]
697 2963 739 3018 Sis
762 2963 857 3017 hatten
880 2963 935 3017 ihm
953 2964 1009 3016 erst
1027 2962 1139 3015 sichcres
1159 2960 1246 3016 Geleit
1264 2978 1319 3016 ver·

78 3053 227 3126 sprochen,
246 3053 301 3106 und
319 3053 389 3106 dano
407 3053 548 3106 dberlallen
568 3053 605 3106 sie
623 3052 677 3106 ihn.
696 3082 732 3091 -
750 3051 912 3120 negotiandi
930 3051 1027 3118 cansa]
1045 3050 1112 3120 Kap.
1131 3051 1156 3118 3,
1177 3052 1201 3105 1.

161 3155 186 3196 s.
208 3141 290 3210 diem]
310 3159 330 3196 s.
350 3157 444 3195 annno
461 3141 527 3211 Kap.
546 3141 589 3208 32,
607 3143 633 3196 3.
654 3171 686 3179 -
709 3141 844 3208 obsident]
863 3141 913 3195 llio
931 3139 1209 3195 Passivlronstrulrtion
1226 3138 1264 3191 ist
1280 3138 1318 3192 im

77 3231 243 3287 Deutschen
261 3230 409 3284 manchmcl
426 3230 579 3285 deutlicher.
600 3259 633 3268 -
652 3229 803 3297 concitare]
823 3231 1009 3297 „aufbieten“.

160 3319 242 3386 Καρ.
261 3319 307 3374 43.
346 3331 398 3372 ru.
417 3331 440 3373 s.
461 3319 568 3388 pratici]
593 3343 625 3362 =
646 3327 734 3373 conset
756 3336 807 3372 nur
824 3319 882 3373 hier
899 3319 941 3373 bei
959 3318 987 3374 C.
1012 3347 1043 3355 -
1069 3316 1254 3373 contaminati
1271 3314 1317 3382 fn·

79 3408 194 3477 encore]
221 3408 477 3475 „schuldbefleclrt“.
503 3437 536 3446 -
562 3407 651 3476 capte]
675 3407 730 3461 Der
747 3406 856 3463 Gewinn
879 3425 926 3462 aus
944 3407 991 3461 der
1008 3407 1093 3460 Beute
1115 3407 1191 3460 hatte
1215 3405 1252 3460 sio
1274 3404 1318 3458 be·

78 3501 170 3554 chore
191 3525 226 3534 ·-
246 3497 319 3566 qnod
336 3513 369 3551 ea
386 3513 430 3553 ree
448 3497 487 3552 ad
504 3498 605 3553 multos
620 3497 790 3566 pertinebat]
808 3497 877 3551 Weil
895 3496 960 3551 viole
978 3497 1006 3550 in
1020 3496 1062 3549 die
1074 3495 1155 3550 Sachs
1169 3490 1318 3550 verwiolrelt

77 3605 183 3652 waren,
203 3603 233 3640 so
251 3586 361 3654 beginnt
379 3587 426 3640 der
439 3586 516 3640 Staat
530 3603 577 3640 aus
590 3585 691 3640 Furcht
704 3604 750 3642 vor
763 3586 849 3640 Strale
868 3587 914 3640 auf
924 3585 1005 3655 Krieg
1023 3603 1055 3640 eu
1074 3585 1188 3652 denken3
1207 3585 1317 3639 andern·

77 3677 145 3732 falls
165 3675 245 3729 hatte
262 3692 323 3729 man
337 3675 469 3730 vielleicht
483 3676 524 3729 die
538 3693 580 3730 am
593 3675 757 3730 Verbrechen
771 3676 825 3730 und
839 3676 885 3730 der
898 3676 1067 3743 Plttnderung
1080 3674 1239 3742 Boteiligten
1258 3689 1317 3727 aus-

77 3765 210 3835 gslielert
227 3764 282 3817 und
300 3770 368 3818 utre
386 3765 513 3818 ernstlich
532 3783 564 3818 zu
581 3766 665 3819 cinam
683 3764 834 3818 triedlichen
852 3763 1034 3818 Verhttltnisse
1053 3762 1266 3832 rurticlrgelrehrt.

160 3866 174 3906 4
192 3871 216 3904 u.
234 3867 257 3907 t.
275 3854 436 3921 inscientia]
452 3853 666 3921 „Unverstsnd“.
682 3882 716 3891 -
732 3854 859 3922 praviter
872 3853 1011 3922 indicare]
1026 3853 1110 3920 „hart
1123 3853 1265 3907 urteilen“,
1282 3878 1316 3890 -

79 3943 257 4010 deminuere]
282 3943 388 3996 thnlich
406 3942 472 4013 Kap.
491 3944 535 4011 33,
554 3944 578 3998 2.
605 3973 639 3982 -
664 3959 699 3998 ne
780 3943 1035 4010 circumsideretur]
1060 3943 1107 3996 Bis
1129 3942 1198 4011 jetet
1221 3942 1315 3995 hatten

77 4033 140 4086 ihm
161 4031 204 4084 dic
218 4019 308 4084 dduer
325 4031 366 4085 die
385 4032 441 4085 eine
459 4031 530 4085 Seite
547 4032 666 4101 gedeclrt.
698 4031 797 4086 Mulste
815 4049 844 4086 er
861 4049 915 4087 nun
933 4032 1001 4086 noch
1019 4032 1111 4101 linger
1128 4047 1174 4086 vor
1188 4028 1316 4099 Gergovia

78 4122 173 4190 liegen
192 4119 308 4186 bleiben,
332 4137 360 4174 so
379 4137 432 4174 war
451 4121 667 4189 substituentem
690 4122 749 4176 dass
768 4138 797 4176 er
815 4139 864 4176 von
882 4122 951 4176 allen
969 4121 1059 4177 Seiten
1076 4122 1105 4175 in
1123 4121 1164 4175 die
1182 4119 1255 4189 Euge
1273 4135 1316 4188 ge·

79 4210 191 4264 trieben
209 4208 305 4262 utrde.
331 4237 364 4246 -·
388 4225 423 4264 ne
500 4209 651 4278 cideretin]
671 4211 759 4278 „ohne
778 4211 836 4264 dass
855 4211 923 4266 ...“.
949 4240 983 4249 -
1007 4217 1080 4266 nato
1097 4211 1144 4279 ab]
1168 4209 1221 4264 Fur
1240 4224 1316 4277 „uer-

77 4298 230 4354 anlassen“
250 4297 299 4350 hat
316 4297 363 4351 der
379 4297 501 4352 Istciner
518 4299 578 4353 kein
597 4299 740 4353 deokendes
759 4300 843 4354 Wort.

158 4385 239 4455 Καρ.
257 4387 303 4442 44.
344 4399 393 4441 ιιι.
408 4399 431 4443 r.
451 4388 516 4443 beree
533 4389 574 4444 rei
591 4388 736 4458 gerendae]
756 4406 809 4456 „zu
822 4388 906 4443 einem
919 4389 1140 4443 Handstreiohe“.
1161 4418 1190 4426 -
1213 4383 1316 4456 operis]
