3086 4920
246 367 301 430 220
734 369 773 422 Ι)6
791 369 859 422 bello
878 367 976 423 Gallico

249 533 308 597 sub
333 532 444 596 vexillo
467 549 531 594 una
554 530 744 605 mittuntur;
773 549 891 612 magna
920 531 1084 614 praeterea
1112 531 1287 594 multitudo
1318 531 1466 605 oalonum,

249 658 366 721 magna
389 639 435 702 vis
458 638 687 714 iumentorum,
712 656 791 718 quae
815 639 848 701 in
872 638 983 702 eastris
1014 637 1239 715 subsederant,
1271 637 1357 701 faota
1385 639 1468 719 pote-

250 747 332 810 state
356 745 508 826 sequitur.

196 854 238 915 37
337 851 406 916 Hoo
427 851 495 934 ipso
519 853 660 934 tempore
685 852 717 914 et
740 867 816 914 oasu
841 849 991 915 Germani
1015 851 1138 932 equites
1161 851 1381 914 interveniunt
1401 870 1471 933 pro

250 960 399 1041 linusque
430 959 540 1024 eodem
574 958 644 1033 illo,
676 977 737 1039 quo
768 960 935 1033 venerant,
970 975 1066 1021 eursu
1101 958 1139 1020 ab
1170 957 1349 1022 decumana
1382 960 1470 1040 porta

224 1068 282 1130 ain
305 1067 416 1130 eastra
432 1064 607 1147 irrumpere
631 1065 800 1140 sonantur,
831 1083 890 1128 neo
912 1063 999 1146 prius
1024 1065 1099 1128 sunt
1122 1064 1181 1128 visi
1204 1064 1337 1128 obieotis
1366 1065 1405 1127 ab
1436 1082 1471 1128 aa

250 1175 339 1255 parte
363 1172 459 1248 silvie,
483 1189 580 1252 quam
603 1171 716 1235 eastris
741 1171 1044 1254 appropinquarent,
1067 1189 1168 1252 usque
1192 1189 1236 1247 eo,
1260 1172 1312 1247 ut,
1337 1171 1392 1252 qui
1414 1171 1471 1234 sub

249 1281 332 1344 vallo
355 1278 522 1343 tenderent
550 1279 757 1354 mereatoras,
787 1276 957 1360 reeipiendi
987 1277 1038 1340 sui
1068 1276 1255 1340 faoultutem
1285 1295 1350 1341 non
1379 1277 1472 1342 habe

225 1387 329 1450 arent.
374 1385 580 1466 Inopinantes
610 1383 711 1448 nostri
739 1401 772 1447 re
804 1401 885 1447 nova
913 1384 1156 1464 perturbantur,
1187 1402 1224 1447 ao
1253 1384 1306 1448 vix
1335 1383 1474 1467 primum

225 1493 406 1575 rimpetum
436 1491 545 1556 oohors
578 1491 611 1554 in
642 1489 777 1554 statione
809 1490 955 1554 sustinet.
1001 1489 1309 1554 Circumfunduntur
1337 1509 1374 1554 ex
1401 1491 1475 1554 reli-

226 1598 322 1679 nquis
351 1599 458 1662 hostes
488 1598 648 1680 partibus,
679 1597 706 1661 si
736 1615 831 1678 quom
862 1597 985 1660 aditum
1014 1597 1151 1679 reperire
1180 1598 1320 1678 possent.
1369 1599 1474 1678 Aegre

251 1707 357 1788 portas
380 1705 480 1769 nostri
503 1706 649 1782 tuentur,
673 1704 810 1785 reliquos
835 1703 940 1768 aditus
963 1705 1052 1768 loeus
1081 1705 1228 1786 ipseper
1258 1723 1293 1768 se
1324 1704 1475 1768 munitio

225 1830 312 1893 eque
329 1811 478 1876 defendit.
512 1812 599 1875 Votis
624 1811 800 1893 trepidatur
824 1811 945 1888 eastris
970 1812 1066 1892 atque
1090 1811 1171 1875 alius
1196 1829 1234 1874 ex
1257 1811 1319 1874 alio
1343 1829 1475 1875 oausam

251 1919 409 1982 tumultus
433 1918 573 1999 quaerit3
597 1937 699 1999 neque
724 1936 785 1999 quo
809 1918 899 2000 signa
922 1917 1074 1994 ferantur,
1096 1937 1199 1999 neque
1225 1937 1323 1999 quam
1346 1919 1379 1982 in
1404 1937 1475 2002 par-

226 2029 316 2088 rtom
340 2025 473 2107 quisque
503 2025 683 2102 eonveniat,
713 2024 886 2106 provident.
931 2025 1023 2089 Alius
1052 2027 1157 2089 eastra
1185 2025 1251 2088 iam
1282 2028 1374 2108 oapta
1404 2045 1475 2108 pro

251 2132 393 2210 nuntiat,
425 2132 505 2196 alius
529 2131 632 2197 deleto
657 2131 795 2196 exercitu
819 2132 914 2212 atque
945 2131 1135 2214 imperatore
1159 2132 1295 2196 viatores
1323 2133 1474 2197 barbaros

226 2239 373 2304 evenisse
398 2239 577 2314 oontendit;
608 2239 748 2323 plerique
772 2257 870 2303 noras
899 2238 959 2302 sibi
989 2257 1026 2302 ex
1054 2239 1121 2303 loeo
1152 2239 1319 2320 religiones
1348 2240 1474 2322 fingunt

252 2345 427 2426 Cottaeque
444 2347 476 2410 et
491 2345 604 2409 Titurii
625 2345 849 2422 calamitatem,
873 2345 928 2426 qui
950 2345 983 2408 in
996 2339 1117 2410 'eodem
1140 2345 1312 2411 ooeiderint
1335 2347 1473 2424 rastello,

226 2454 324 2516 eante
348 2453 454 2516 ooulos
477 2453 608 2534 ponunt.
653 2451 721 2515 Tali
751 2452 863 2516 timore
888 2451 1033 2519 omnibus
1064 2452 1241 2535 perterritis
1269 2453 1475 2518 oonfirmatur

251 2605 461 2614 ...--—.—.--—-

250 2699 362 2768 mentor]
377 2698 426 2752 Die
436 2695 586 2752 Genesenen
596 2697 697 2752 werden
712 2715 779 2752 uwar
792 2699 842 2753 mit
856 2699 906 2752 den
916 2700 1036 2766 anderen,
1051 2701 1113 2754 aber
1127 2703 1206 2754 unter
1215 2702 1298 2754 einem
1311 2703 1473 2756 besonderen

250 2789 377 2843 Vithnlein
391 2787 533 2857 gesehiolrt.
553 2817 587 2826 -
610 2787 690 2854 factu
699 2793 834 2856 potestate
855 2789 990 2858 sequitur]
1004 2789 1050 2855 IV,
1065 2791 1107 2856 11,
1122 2791 1151 2856 2;
1170 2790 1262 2844 maohe
1276 2791 1317 2844 dio
1334 2791 1475 2845 absoluten

250 2877 310 2933 Aul.
331 2894 389 2930 num
407 2876 607 2947 Hauptverbum
625 2875 679 2928 und
697 2877 774 2946 sequi
794 2877 956 2945 „mitgahem
974 2878 1135 2932 mitziehen“
1155 2879 1239 2934 daven
1257 2879 1406 2948 abhlingigl

322 2965 401 3033 Καρ.
419 2965 466 3022 31.
508 2978 528 3019 1.
548 2964 625 3033 cusa]
643 2966 696 3018 Dor
715 2965 799 3019 Zufall
818 2965 882 3019 wird
900 2966 957 3020 hier
975 2983 1021 3019 aur
1039 2965 1218 3036 Gelegenheit.
1245 2999 1278 3008 -—
1307 2969 1398 3024 eodem
1418 2972 1475 3037 illo,

250 3073 304 3126 quo
322 3061 463 3122 66666661,
483 3055 577 3122 eursu]
599 3055 649 3119 „in
667 3055 750 3108 oinem
768 3055 837 3120 Ritt,
856 3056 903 3108 wie
921 3055 959 3108 sio
977 3055 1127 3123 gelrommen
1147 3059 1263 3111 waren“.

324 3156 346 3198 2.
366 3142 488 3212 obiectis]
508 3161 528 3197 s.
543 3143 574 3209 V,
585 3145 627 3210 13,
642 3145 659 3197 3
675 3161 705 3196 zu
718 3144 864 3198 subiectae.
880 3171 912 3180 -
927 3160 1012 3212 resque
1025 3144 1063 3212 eo]
1077 3144 1153 3212 globt
1167 3145 1217 3198 den
1228 3144 1299 3200 Grad
1313 3145 1359 3200 dor
1369 3146 1476 3202 Schnei-

250 3234 344 3304 ligkeit
361 3251 402 3287 an.
423 3261 455 3272 -
475 3232 628 3300 tenderent]
646 3233 695 3285 Dia
714 3232 830 3298 Krtmer,
850 3233 953 3299 welche,
972 3250 1016 3286 um
1035 3251 1067 3286 nu
1084 3233 1177 3287 kaufen
1203 3235 1257 3287 und
1275 3253 1307 3288 au
1325 3235 1475 3302 verkaufen,

251 3324 298 3377 das
316 3323 388 3376 Heor
405 3321 571 3391 begleitaten‚
591 3321 684 3374 hatten
702 3321 759 3374 ihre
777 3321 850 3375 Zolto
868 3321 1017 3376 autsorhulb
1036 3322 1081 3375 des
1099 3322 1197 3390 Ingers
1215 3341 1261 3377 ror
1279 3324 1337 3377 dem
1355 3324 1453 3380 Walle.

325 3425 347 3466 a.
366 3411 530 3482 ampinana]
550 3411 765 3478 „ahnungslos“.
789 3439 819 3448 -
838 3427 883 3464 res
900 3411 982 3478 noua]
1001 3411 1067 3464 Dem
1080 3411 1203 3465 Iatoiner
1221 3413 1372 3467 ersoheinen
1385 3413 1475 3483 Ereig-

252 3498 329 3565 uissa,
349 3499 390 3552 die
408 3517 436 3554 er
454 3500 530 3554 nieht
547 3501 670 3554 erwartat
687 3499 743 3566 hat,
762 3499 801 3553 als
819 3515 915 3552 nouae.

324 3599 337 3640 l
358 3606 382 3642 u.
403 3601 425 3643 o.
445 3588 722 3656 emoumfoaduatar]
741 3587 807 3659 Kap.
826 3587 870 3655 34,
888 3590 913 3643 8.
940 3618 973 3626 —
1000 3589 1025 3644 si
1100 3590 1226 3659 possent]
1245 3589 1312 3661 Kap.
1330 3591 1376 3658 29,
1394 3592 1423 3646 4.
1443 3623 1475 3632 -

250 3676 371 3744 reliquos
387 3677 484 3732 aditus
502 3679 578 3734 16666
647 3675 785 3745 defendit]
805 3677 942 3746 „sonstige
955 3677 1134 3747 Anntherung
1151 3679 1243 3732 morht
1260 3679 1302 3733 die
1316 3668 1476 3736 Ortliahkeit

252 3764 431 3834 unmtglieh“.

325 3865 348 3907 o.
367 3853 538 3922 trepidatio]
556 3855 588 3922 V,
607 3855 651 3923 33,
670 3856 694 3908 1.
714 3884 747 3892 —
766 3855 841 3911 alius
858 3871 892 3910 err
910 3856 978 3923 alio]
997 3856 1029 3923 V,
1049 3857 1090 3922 16,
1110 3856 1135 3911 4.
1155 3885 1189 3894 -
1209 3874 1263 3926 quo
1280 3858 1362 3928 61966
1379 3858 1477 3924 ferun

253 3943 310 4010 tar]
329 3942 554 3998 DioFeldaeiehen
572 3944 674 3999 werden
692 3944 771 3998 dahin
789 3947 923 4013 getragen,
943 3945 1027 4000 wohin
1046 3961 1106 4000 man
1124 3945 1175 3999 den
1192 3945 1300 4016 Angriff
1314 3947 1477 4017 riehtetc-

251 4030 409 4100 provideat]
427 4031 472 4095 IV,
491 4032 534 4099 29,
553 4032 578 4088 4.
1434 4022 1439 4032 ’

327 4133 338 4173 r
360 4138 384 4174 n.
405 4130 428 4175 8.
448 4121 523 4175 alios
599 4122 684 4188 altas]
703 4122 749 4190 IV,
763 4123 807 4189 28,
826 4123 851 4176 2.
871 4153 904 4160 —
923 4139 957 4177 ero
975 4124 1043 4190 loeo]
1061 4123 1213 4178 bezeichnet
1231 4125 1282 4179 don
1299 4123 1349 4180 Ort
1368 4126 1410 4180 als
1424 4126 1477 4180 An·

253 4209 305 4263 lais
325 4227 357 4263 nu
375 4209 423 4264 dan
443 4209 583 4266 eeltsamen
601 4210 856 4278 Bedonlrliohlreiten,
876 4211 918 4265 die
937 4212 974 4266 sie
992 4212 1048 4265 sioh
1066 4211 1182 4266 muuhen.

327 4297 533 4368 spartariae]
556 4299 604 4353 Die
622 4298 723 4353 Furoht
747 4301 795 4354 iibt
817 4301 892 4354 einen
910 4300 1064 4356 lthmenden
1082 4299 1201 4358 Eliufluss.
1231 4333 1265 4344 -
1292 4302 1389 4371 opinio
1407 4303 1477 4358 mitt

255 4386 446 4456 condonatur]
466 4386 530 4455 „ioh
548 4388 631 4442 werde
649 4389 677 4442 in
696 4389 742 4444 der
759 4389 885 4458 Meinung
902 4390 1051 4445 besttrlrt‘t
1132 4417 1134 4424 >
