3172 4922
233 348 269 410 50
724 348 766 402 De·
782 347 851 401 bello
870 344 970 401 Gallico

211 513 362 576 esoerent
385 512 417 575 et
441 510 481 575 ad
505 528 538 574 se
562 508 724 574 referrent.
771 506 857 585 Quos
888 526 960 571 oum
994 506 1078 588 apud
1110 525 1143 571 se
1173 507 1206 569 in
1236 507 1350 571 eastris
1374 507 1465 570 Ario·

235 618 338 682 ristus
362 617 590 699 conspexisset,
621 615 760 679 exercitu
784 633 841 678 suo
864 615 1032 697 praesente
1057 614 1283 678 oonolamavit:
1315 612 1398 692 Quid
1423 613 1465 677 ad

236 742 270 787 se
292 724 460 787 venirent?
496 741 535 785 an
561 720 745 804 speculandi
768 722 887 784 eausa?
934 719 1095 784 Conantes
1119 719 1223 784 dioere
1246 719 1408 802 prohibuit
1431 721 1465 784 et

235 829 269 892 in
293 832 422 894 oatenas
447 827 587 893 oonieoit.

183 942 226 1003 48
325 935 444 1000 Eodem
468 934 518 998 die
543 936 648 998 eastra
670 933 828 1016 promovit
858 933 891 996 et
920 932 1048 996 milibus
1079 949 1234 1013 passuum
1265 951 1320 997 sex
1343 951 1362 996 a
1386 932 1466 997 an-

213 1041 317 1105 asaris
341 1041 453 1106 eastris
478 1042 536 1105 sub
559 1041 667 1104 monte
691 1039 841 1103 oonsedit.
872 1038 1030 1102 Postridie
1052 1038 1119 1101 eius
1139 1037 1200 1102 diei
1216 1041 1343 1121 praeter
1359 1041 1466 1104 eastra

237 1146 382 1212 Caesaris
406 1166 481 1211 suas
509 1147 614 1228 eopias
645 1146 788 1210 traduxit
819 1148 851 1210 et
880 1145 1009 1209 milibus
1039 1162 1194 1226 passuum
1223 1144 1347 1210 duobus
1379 1147 1467 1210 ultra

238 1272 311 1318 eum
335 1255 441 1318 eastra
463 1252 553 1330 feeit,
577 1271 613 1317 eo
638 1253 785 1327 oonsilio,
808 1252 858 1314 uti
880 1250 1040 1314 frumento
1064 1253 1324 1332 emeatoque,
1349 1253 1404 1333 qui
1428 1271 1467 1316 ex
1574 1259 1575 1282 ³

214 1358 395 1441 oSequanis
428 1362 461 1423 et
483 1359 625 1424 Haeduis
656 1360 913 1442 supportaretur,
938 1357 1107 1422 Caesarem
1136 1357 1374 1422 intercluderet.
1420 1359 1468 1422 Ex

239 1485 274 1529 eo
298 1465 347 1529 die
372 1466 438 1530 dies
462 1466 626 1530 continuos
652 1466 792 1546 quinque
809 1464 926 1529 Caesar
950 1483 1005 1546 pro
1030 1462 1142 1527 eastris
1167 1481 1242 1527 suas
1266 1465 1372 1546 copias
1396 1483 1468 1548 pro·
1575 1523 1576 1548 ,

240 1572 330 1635 duxit
353 1575 386 1636 ot
409 1573 510 1636 aoiem
532 1573 721 1636 instructam
745 1571 874 1648 habuit,
902 1573 953 1647 ut,
977 1571 1005 1634 si
1029 1570 1125 1634 vellet
1147 1570 1326 1635 Ariovistus
1349 1573 1468 1654 proelio
1575 1557 1576 1560 ¹

215 1678 437 1755 roontendere,
461 1678 489 1742 ei
512 1680 653 1760 potestas
676 1696 740 1741 non
760 1677 893 1742 deesset.
924 1677 1103 1740 Ariovistus
1126 1676 1176 1740 his
1193 1677 1340 1741 omnibus
1357 1678 1468 1742 diebus

241 1785 414 1849 exereitum
447 1785 560 1848 eastris
595 1784 768 1861 oontinuit,
809 1783 952 1866 equestri
986 1783 1103 1865 proelio
1143 1783 1256 1847 ootidie
1296 1784 1468 1850 oontendit.

217 1891 351 1956 sGenus
366 1893 426 1955 hoo
442 1893 510 1956 erat
524 1909 658 1973 pugnae,
675 1910 736 1972 quo
753 1909 786 1955 se
800 1890 951 1956 Germani
968 1891 1182 1954 exerouerant.
1208 1890 1365 1970 Equitum
1380 1892 1470 1956 milia
1576 1970 1577 1980 χ

242 2000 334 2062 erant
357 2017 425 2075 sex,
453 1997 586 2062 totidem
609 2015 741 2062 numero
765 1998 887 2080 pedites
911 1996 1101 2061 velocissimi
1125 2014 1161 2060 ao
1184 1995 1364 2074 fortissimi,
1389 2016 1470 2078 quos
1576 1997 1577 2002 ’

243 2123 280 2168 ex
303 2104 389 2168 omni
412 2105 501 2186 eopia
524 2104 642 2185 singuli
665 2103 806 2184 singulos
831 2121 906 2167 suae
924 2103 1038 2166 salutis
1056 2120 1153 2167 eausa
1169 2102 1371 2184 delegerant;
1396 2123 1471 2170 oum

218 2211 292 2274 ehis
316 2211 348 2275 in
372 2211 497 2293 proeliis
521 2211 748 2284 versabantur;
780 2209 820 2273 ad
844 2228 896 2273 eos
921 2228 954 2274 se
979 2209 1101 2290 equites
1125 2208 1334 2292 reeipiebant3
1365 2211 1415 2289 hi,
1444 2213 1472 2276 si

243 2317 320 2398 quid
343 2319 412 2382 erat
435 2316 561 2393 durius,
592 2317 836 2393 oonourrebant,
868 2316 895 2379 si
927 2316 982 2397 qui
1012 2315 1155 2396 graviore
1178 2315 1309 2380 vulnere
1341 2320 1472 2400 aooepto

120 2467 123 2479 ·
218 2442 323 2506 aequo
348 2423 523 2501 deoiderat,
547 2423 842 2496 circumsistebant;
871 2422 898 2485 si
922 2441 984 2504 quo
1008 2423 1077 2486 erat
1100 2421 1224 2502 longius
1247 2423 1473 2504 prodeundum

315 2595 338 2636 o.
353 2581 510 2652 praesente]
528 2581 594 2651 Kap.
610 2583 652 2648 18,
668 2582 692 2635 1.
713 2610 747 2619 —
766 2581 959 2648 conclamauit]
978 2580 1177 2649 ungewdhnlieh
1194 2597 1244 2634 ron
1263 2581 1334 2635 einer
1352 2582 1473 2651 einzigen

242 2671 349 2736 Person,
360 2671 409 2724 soll
419 2670 486 2723 wohl
496 2670 544 2722 das
553 2671 645 2723 laute
655 2669 778 2723 Sehreien
786 2670 950 2725 bezeichnen.
960 2699 994 2708 -
1008 2670 1059 2737 aa]
1070 2669 1173 2738 „(odsr)
1182 2670 1280 2724 stwa“.
1293 2701 1327 2710 -
1340 2679 1474 2728 marea

242 2758 363 2826 (welcher
380 2759 467 2813 Kasos
475 2757 501 2824 P)
519 2758 610 2812 dicere
626 2758 780 2827 prohibuit]
800 2774 850 2825 „er
867 2758 927 2811 liess
946 2758 984 2811 sie
1002 2774 1050 2826 gar
1069 2757 1143 2812 nieht
1161 2775 1193 2810 zu
1211 2758 1302 2812 Worte
1320 2760 1473 2816 komnren“.

314 2847 392 2916 Kap.
408 2847 457 2903 48.
491 2860 512 2901 1.
532 2853 626 2902 caetra
640 2847 791 2917 proraooo't]
810 2847 837 2900 in
856 2847 902 2900 dor
915 2846 1051 2915 Riohtung
1069 2847 1116 2900 auf
1126 2846 1207 2902 Casan
1225 2865 1265 2915 zu,
1283 2849 1339 2902 also
1358 2850 1474 2918 nahem

243 2955 291 2991 zur
308 2927 492 3006 Ubersetznng
516 2936 568 3004 vgl.
588 2941 683 2991 costra
708 2953 825 3004 movere,
849 2936 984 3007 Kapld,
1004 2938 1029 2990 1.
1056 2965 1089 2974 -
1113 2937 1163 2990 aab
1185 2936 1285 3005 monte]
1311 2953 1375 3004 „am
1393 2937 1474 2993 Fusse

243 3027 313 3080 eines
331 3026 460 3094 Bargasa
480 3055 514 3064 —
535 3025 686 3091 eoroeidere]
706 3026 787 3093 „sieh
804 3025 926 3093 lagorn“.

317 3126 340 3168 a.
362 3121 473 3182 praeter
498 3113 604 3182 eastra]
628 3114 702 3183 giobt
721 3113 762 3167 die
780 3113 916 3182 Richtung
940 3113 985 3167 des
1004 3113 1088 3182 anes
1112 3130 1154 3194 an,
1179 3143 1213 3153 -
1238 3113 1379 3180 frumento
1403 3131 1474 3171 eom-

243 3203 400 3272 meatuqae]
419 3202 485 3272 Kap.
504 3203 547 3269 39,
567 3205 592 3257 1.
612 3233 646 3241 —
664 3203 844 3272 supportare]
863 3203 929 3273 Kap.
949 3204 993 3270 39,
1012 3204 1036 3257 6.

318 3304 341 3345 a.
367 3291 425 3345 dies
448 3292 594 3346 continuos
619 3291 750 3362 quinque]
776 3291 855 3359 „tiinf
870 3291 940 3360 Tago
963 3292 1053 3345 hintar
1077 3291 1237 3358 einander“;
1261 3292 1307 3346 der
1331 3292 1475 3347 Aoousativ

245 3379 319 3432 steht
343 3379 411 3431 wohl
435 3382 514 3432 unter
538 3380 597 3432 dem
614 3380 743 3434 Einflusse
768 3381 814 3434 der
838 3380 929 3434 Worto
954 3381 1121 3435 instructam
1144 3381 1256 3448 habuit,
1282 3398 1370 3449 wegsn
1393 3381 1475 3436 deren

244 3468 297 3535 vgl.
315 3461 382 3537 Kap.
404 3465 487 3534 15,1
514 3485 546 3520 nn
568 3473 698 3523 oooetum.
725 3495 759 3505 -
784 3468 958 3537 Ariovistus]
984 3468 1055 3522 ziehe
1079 3469 1108 3522 in
1133 3469 1183 3522 den
1209 3469 1270 3523 Sata
1295 3470 1345 3522 mit
1369 3472 1418 3524 ut!
1439 3501 1474 3509 -

243 3557 350 3624 proelio
369 3555 538 3624 conuertere]
557 3556 624 3627 Kap.
644 3557 668 3623 1,
687 3557 713 3611 4.
732 3587 766 3596 -
780 3557 914 3626 potestas]
935 3557 1134 3626 „Mtgliahlreit
1154 3556 1355 3627 Gslsgenheit“.

320 3658 342 3698 o.
366 3645 490 3711 numo]
516 3645 599 3698 bleibt
617 3646 795 3699 undbersetrt.
822 3676 856 3684 —-
881 3647 968 3701 mania
987 3647 1081 3715 eopia]
1106 3646 1144 3700 ist
1162 3646 1204 3700 die
1220 3664 1302 3715 ganzo
1320 3647 1408 3700 Masso
1427 3647 1476 3701 der

245 3732 439 3800 kriegsfahigon
469 3733 566 3800 Ieuta3
599 3734 695 3803 copiae
727 3734 792 3802 „die
823 3733 977 3805 'I‘ruppen“.
1009 3770 1046 3779 -
1075 3735 1182 3804 neapoli
1213 3735 1347 3804 einpuloa]
1382 3735 1477 3804 „jeder

245 3822 349 3876 einen“.
369 3850 403 3859 —
422 3837 489 3876 areae
506 3823 607 3877 solatis
625 3823 723 3889 cauea]
744 3823 821 3890 „sich
840 3840 898 3876 zum
917 3823 1022 3890 Sehuta,
1039 3823 1199 3877 Beistand“.

319 3923 355 3964 or
368 3927 428 3966 eom
447 3910 542 3980 aliquo
566 3912 597 3964 ta
617 3911 726 3980 proelio
750 3911 868 3978 versari]
881 3911 964 3979 „mit
984 3911 1046 3982 jem.
1065 3911 1094 3965 in
1117 3912 1167 3965 den
1184 3911 1282 3982 Kampf
1305 3911 1420 3980 gehen“.
1440 3941 1476 3952 -

246 4005 285 4054 est
302 3999 414 4067 aliquid
432 3999 545 4068 durias]
565 4017 614 4068 „es
631 4001 697 4068 geht
714 4001 778 4054 hart
794 4000 873 4054 her“.
893 4029 927 4039 -
944 4001 1073 4069 praviore
1087 4002 1198 4056 venae
1212 4000 1333 4069 accepto]
1354 4001 1478 4068 „sehwor

246 4088 426 4144 verwundet“.
445 4125 482 4134 -
500 4090 708 4157 circumsedere]
729 4089 895 4158 „umringen
913 4090 941 4144 in
960 4091 1031 4144 seine
1049 4090 1129 4144 Mitte
1146 4090 1287 4144 nahmen“.

233 4167 237 4174 ’
320 4191 343 4232 r.
362 4178 427 4247 quo]
445 4179 540 4247 gehdrt
557 4179 624 4232 auch
642 4195 674 4231 zu
691 4178 894 4246 recipiendum
913 4179 953 4232 als
967 4177 1079 4247 Subjelrt
1096 4178 1177 4232 nimm
1196 4179 1313 4246 ,‚man“!
1332 4207 1369 4218 -
1386 4179 1478 4233 subk-

246 4267 318 4336 oote]
338 4267 415 4334 „sieh
433 4267 625 4322 iesthaltand“.
646 4296 679 4305 -
699 4283 811 4322 saroam
829 4267 1029 4336 adaequarent]
1048 4267 1100 4322 Mit
1117 4283 1182 4321 wem
1201 4267 1239 4321 sie
1253 4266 1356 4320 Schritt
1375 4267 1478 4336 hulten,

246 4357 284 4410 ist
301 4355 383 4409 leieht
401 4356 560 4410 ersiehtlieh.
