3134 4922
208 372 246 434 88
698 373 739 426 De
756 372 824 426 bello
843 369 943 427 Gallico

179 540 198 601 7
298 538 365 600 Ele
385 537 501 600 nebus
519 533 618 618 gestis
635 553 709 599 cum
725 533 871 598 omnibus
887 532 926 597 ds
943 531 1048 596 causis
1064 531 1182 597 Oaascr
1196 533 1346 615 pacatam
1362 531 1442 599 Gal-

210 644 287 708 liam
317 643 528 718 existimaret,
559 640 717 725 superatis
747 640 871 723 Belgis,
903 638 1042 722 expulsis
1070 637 1251 717 Germanis,
1281 639 1375 704 vietis
1404 640 1441 704 in

209 749 344 834 Alpibus
361 748 506 826 Sedunis,
530 749 627 830 atque
651 749 697 812 ita
720 747 800 814 inita
814 747 918 812 hieme
934 745 969 810 in
983 745 1150 828 Illyricum
1165 745 1327 829 proiectus
1344 749 1440 824 esset,

211 857 295 939 quod
318 874 372 922 aas
403 873 529 938 quoque
557 855 703 919 nationes
735 853 821 941 adire
851 855 884 918 at
913 852 1057 935 regiones
1087 871 1273 934 cognoscere
1303 853 1441 931 volebat,

185 964 354 1030 2subitum
376 963 497 1027 bellurn
519 961 553 1025 in
570 961 675 1028 Gallia
698 963 842 1026 coortum
865 961 924 1025 est.
953 959 1032 1024 Eius
1055 960 1131 1024 belli
1152 959 1232 1025 haec
1255 959 1317 1024 ruit
1333 979 1440 1025 causa.

208 1071 343 1136 Publius
367 1069 503 1136 Crassus
526 1069 714 1134 adulescens
738 1088 813 1134 oum
841 1068 965 1150 legione
994 1067 1131 1150 septima
1158 1067 1320 1150 proximus
1350 1085 1440 1132 marc

185 1177 375 1244 sOoeanum
397 1177 431 1240 in
453 1176 597 1241 Andibus
620 1175 788 1241 bismarat.
832 1175 882 1253 Is,
907 1174 991 1257 quod
1013 1175 1047 1238 in
1069 1174 1120 1238 bis
1142 1173 1221 1238 locis
1244 1173 1351 1257 inopia
1373 1173 1442 1238 fru-

209 1285 311 1350 menti
334 1285 412 1359 erat,
434 1281 610 1366 praefectos
634 1283 842 1364 tribunosque
866 1281 1007 1346 militurn
1028 1281 1206 1364 complures
1229 1281 1263 1344 in
1285 1279 1440 1344 finibmas
1516 1337 1520 1342 .

185 1391 356 1456 scisitatus
379 1389 534 1453 frumenti
558 1407 654 1454 causa
677 1389 815 1464 dimisit;
844 1407 906 1470 quo
929 1388 963 1452 in
985 1405 1118 1452 numero
1142 1388 1192 1452 cst
1213 1387 1305 1452 Titus
1327 1388 1441 1452 Terra·

211 1497 310 1563 sidins
337 1496 457 1560 missus
486 1495 520 1559 in
542 1496 693 1574 Esubios,
716 1496 847 1560 Marcus.
868 1495 1001 1560 Trebius
1026 1494 1138 1560 Gallus
1168 1494 1201 1558 in
1224 1492 1440 1572 Coriosolitae,

211 1603 351 1682 Quintus
374 1601 529 1667 Velanius
554 1621 628 1667 aum
650 1602 721 1667 Tito
747 1601 824 1667 Silio
847 1602 881 1665 in
903 1600 1053 1666 Venetas.

180 1711 201 1773 8
299 1709 404 1774 Huius
428 1711 478 1773 ast
507 1709 646 1773 civitatis
676 1709 768 1792 louge
799 1708 998 1792 amplissima
1029 1700 1202 1773 auctoritas
1231 1709 1333 1773 omnis
1365 1727 1439 1774 crae

210 1816 390 1884 maritimas
413 1815 579 1898 regionum
602 1834 722 1893 earum,
747 1815 832 1898 quod
847 1816 880 1880 et
894 1833 991 1880 naves
1007 1815 1127 1880 habant
1141 1815 1259 1880 Veneti
1274 1815 1439 1898 plurimas,

212 1924 327 2006 quibus
361 1922 395 1987 in
427 1921 630 1988 Britanniam
668 1922 819 2004 navigera
854 1923 1061 2000 consuerunt,
1100 1901 1143 1986 et¹
1171 1921 1303 1986 scientia
1341 1923 1438 2004 atque

210 2049 273 2095 usu
295 2029 497 2094 nauticarum
520 2048 628 2094 rerum
651 2029 790 2111 reliquos
815 2028 1024 2120 antecedunt3
1054 2030 1087 2094 et
1109 2029 1142 2093 in
1169 2046 1285 2111 magno
1315 2029 1440 2112 impetu

209 2137 308 2201 maris
333 2137 429 2218 atque
453 2138 562 2219 aperto
585 2135 696 2220 paucis
725 2136 870 2220 portibus
894 2135 1084 2213 interiectis,
1116 2154 1195 2217 quos
1226 2137 1338 2200 tenent
1368 2136 1438 2220 ipsi,

186 2257 320 2308 somnes
344 2241 423 2320 fere,
447 2241 502 2324 qui
525 2260 561 2306 eo
589 2241 672 2305 mari
700 2242 750 2306 uti
779 2242 985 2320 consuerunt,
1013 2241 1139 2306 habent
1164 2243 1344 2324 vectigales.
1389 2244 1439 2308 Ab
1550 2260 1553 2265 ·

211 2350 262 2415 bis
284 2349 322 2414 fit
344 2349 474 2432 initium
496 2348 653 2414 retinendi
677 2347 747 2414 Silii
770 2351 866 2432 atqua
882 2348 1017 2427 Velanii,
1042 2348 1126 2431 quod
1147 2367 1204 2432 per
1229 2367 1281 2413 eos
1306 2367 1380 2413 suos
1404 2368 1438 2414 sc

187 2457 346 2534 subsides,
370 2473 449 2538 quos
466 2455 580 2522 Crasso
605 2455 775 2534 dedissent,
798 2456 1031 2539 reciperaturos
1049 2454 1283 2534 existimabant.
1313 2456 1438 2520 Horum

213 2563 402 2660 auctoritate
425 2562 554 2626 finitimi
578 2561 703 2626 aueum·
730 2561 780 2646 (ut
803 2564 880 2627 suut
897 2561 1062 2628 Gallorum
1086 2562 1193 2628 subita
1217 2564 1249 2627 et
1271 2563 1439 2646 repentina

750 2740 785 2821 ΙΙ.
810 2739 899 2822 tait.

536 2865 618 2928 Καρ.
637 2865 747 2918 ’1-16.
773 2892 806 2902 -
832 2865 914 2918 Jahn
932 2865 973 2918 50
991 2880 1020 2917 u.
1040 2866 1111 2918 cur.

281 2969 360 3040 Kap.
375 2971 403 3026 i.
444 2981 465 3024 t.
485 2971 610 3024 crucibus
628 2969 664 3024 da
683 2971 775 3025 causis
793 2971 928 3038 auistima]
949 2970 1013 3038 „ich
1030 2971 1097 3024 habe
1115 2971 1186 3024 allen
1204 2967 1297 3025 Grund
1315 2987 1348 3024 zu
1365 2971 1440 3040 glau-

209 3059 291 3114 ban“.
316 3087 350 3098 -
373 3058 517 3128 pacatam]
536 3057 557 3126 Ι,
577 3060 602 3125 6,
621 3059 653 3126 2;
678 3059 720 3112 die
738 3059 877 3128 folgenden
895 3060 1033 3113 absolutan
1051 3058 1173 3113 Ablative
1191 3059 1245 3114 lbse
1270 3059 1310 3112 als
1328 3059 1439 3114 Kuueal-

210 3150 282 3202 ritae
296 3147 354 3200 auf!
375 3176 408 3186 -
427 3147 502 3201 imita
515 3147 612 3214 tticum]
626 3147 663 3214 H,
678 3147 703 3214 2,
718 3149 732 3202 1
749 3165 781 3201 zu
794 3148 870 3202 imita
882 3153 993 3202 aestate.
1009 3177 1042 3188 -
1061 3146 1195 3218 septenes]
1211 3147 1281 3215 „das
1290 3148 1393 3203 [ΛΜΨ.
1404 3177 1438 3187 -

209 3236 331 3292 sabttmm
344 3235 452 3303 battoma]
464 3235 504 3289 Im
518 3235 670 3290 Dautschan
685 3236 759 3290 steht
773 3235 821 3290 das
835 3235 947 3302 Advarb‚
963 3236 1010 3290 wie
1024 3236 1091 3290 auch
1104 3236 1219 3290 nuchhar
1232 3237 1274 3290 fiir
1286 3237 1438 3306 promimus.

283 3335 306 3379 2.
326 3323 497 3390 adulescens]
515 3323 537 3389 I,
556 3323 599 3390 52,
619 3325 644 3378 7.
663 3353 697 3364 -
715 3323 863 3393 hiemaret]
882 3341 928 3378 vor
940 3323 1048 3392 Baginn
1066 3324 1112 3378 des
1130 3323 1248 3394 Kriegss.

284 3425 336 3468 sn.
352 3425 376 3466 r.
395 3411 528 3478 frameati
546 3411 644 3480 eausa]
664 3413 752 3480 „nach
771 3411 924 3468 mansues
944 3442 978 3452 -
997 3428 1050 3482 aaa
1069 3413 1102 3468 ta
1118 3413 1244 3483 amasso]
1267 3439 1303 3459 =
1321 3429 1439 3484 qaorum

209 3501 243 3556 ia
259 3515 373 3556 mammo
392 3501 454 3555 oder
470 3501 535 3554 lurra
555 3501 732 3568 ‚,darunter“.

281 3588 360 3659 Kup.
380 3591 409 3644 8.
450 3601 471 3644 ι.
491 3589 575 3645 baias
593 3595 631 3645 est
649 3591 771 3646 ciuitatis
788 3590 958 3661 amplissima
976 3589 1143 3660 auctoritas]
1168 3591 1275 3658 „dieser
1292 3590 1371 3645 Stant
1395 3609 1439 3660 ge-

209 3679 292 3734 nisset
309 3679 357 3732 das
374 3678 475 3747 grdiste
493 3678 646 3735 Aneehsn“.
672 3708 705 3718 —
730 3680 784 3734 Der
802 3678 913 3735 Genetiv
930 3681 1074 3750 repio'aam
1091 3695 1188 3735 aarum
1210 3680 1371 3734 bescbrdnlrb
1388 3681 1440 3735 den

209 3767 303 3824 Gsnct.
317 3765 466 3838 part'orae
479 3768 642 3834 maritimae,
661 3769 712 3822 den
729 3769 777 3822 wir
794 3769 845 3822 mit
864 3769 941 3836 „an“
961 3768 1145 3837 wiedergebsn.
1166 3796 1199 3807 -
1218 3767 1293 3838 qaod
1306 3773 1334 3823 at
1400 3769 1439 3837 at]

210 3859 349 3925 „erstens‚
368 3856 426 3910 weil
506 3856 605 3910 sodann
623 3857 716 3924 weil“;
741 3857 789 3911 das
807 3857 890 3911 dritta
913 3863 940 3913 ct
963 3857 1038 3911 ffihrt
1055 3857 1136 3912 ‘einen
1161 3858 1270 3912 aweitan
1287 3857 1440 3928 Haupteabu

208 3945 260 3999 ein.
280 3973 314 3984 -
332 3943 411 4014 asae]
430 3944 451 4012 1,
470 3945 514 4011 39,
533 3945 558 3999 2.
583 3973 616 3984 -
641 3946 674 3999 ia
691 3962 792 4015 mapmo
810 3946 914 4015 inpetu
931 3947 1019 4002 maris
1036 3951 1120 4014 atqua
1137 3946 1244 4016 aperto]
1264 3947 1328 4014 „bai
1345 3948 1441 4016 gemul-

209 4034 302 4102 sigen,
320 4033 531 4102 ungchcmmtsm
545 4033 656 4104 inprall
674 4035 721 4089 des
734 4035 866 4090 Mcsres“.
888 4063 920 4074 -
939 4035 1115 4090 interiectam
1133 4035 1199 4103 essa]
1219 4052 1291 4102 „nur
1308 4035 1367 4090 hier
1385 4036 1441 4090 u'nd

207 4123 244 4177 da
262 4121 412 4176 verbanden
430 4122 523 4186 sein“;
548 4121 609 4176 Sata
627 4123 696 4176 nach
712 4121 762 4178 An.
782 4123 831 4178 11¹.
858 4151 892 4162 —
915 4123 1016 4193 onmes]
1042 4124 1080 4178 ist
1097 4123 1209 4193 Objakt;
1234 4124 1325 4178 macha
1349 4141 1379 4178 ae
1403 4126 1441 4180 im

209 4211 362 4266 Deutschan
380 4227 438 4265 num
456 4210 581 4280 Subjekt!
602 4240 636 4250 -
654 4213 727 4268 mam'
744 4211 799 4282 ata]
821 4213 891 4280 „das
909 4213 982 4267 Mser
998 4213 1152 4269 bafelrrau“.

283 4311 360 4356 s-s,
380 4301 414 4356 ab
432 4301 476 4355 bis
492 4300 526 4368 fit
543 4300 670 4368 initiam]
689 4303 823 4356 dbersetm
842 4302 929 4356 aktivl
954 4329 988 4342 -
1013 4301 1176 4369 auctoritas]
1194 4301 1442 4371 („maiegsbendee)

208 4387 354 4460 Baispiel“.
383 4418 418 4429 —
449 4388 571 4458 subitas]
604 4390 814 4460 ‚‚uniibsrlegt“.
848 4420 882 4430 -
914 4391 1043 4459 masilia]
1072 4390 1375 4461 „Entschlieisuugen“.
1406 4423 1441 4432 -
