3172 4922
569 371 666 426 Comm.
686 373 707 440 I,
727 390 748 426 c.
769 373 882 426 12-14.
1306 369 1340 431 13

100 531 220 595 fuerat.
254 531 288 595 Is
312 531 361 595 ita
384 550 457 595 oum
474 531 609 596 Caesare
633 532 715 613 egit:
742 532 775 597 si
797 549 909 616 pacem
930 533 1067 616 populus
1083 533 1248 598 Romanus
1265 553 1364 598 cuma

100 637 266 702 Helvetiis
291 637 427 714 faceret,
458 638 490 701 in
514 641 733 721 campartem
762 640 865 702 ituros
889 641 984 720 atque
1007 639 1051 703 ibi
1073 638 1199 704 futuros
1222 641 1338 705 Helve-

100 745 181 820 tioS‚
213 745 274 809 ubi
305 763 358 809 eos
383 745 500 810 Caesar
523 745 742 809 constituisset
766 748 863 827 atque
888 763 957 808 esse
981 745 1151 820 voluisset;
1183 746 1232 810 sin
1255 748 1362 812 belloi

100 851 259 933 persequi
283 853 517 934 perseveraret,
541 851 799 917 reminisceretur
823 853 855 916 et
877 852 993 916 veteris
1016 853 1207 916 incommodi
1229 855 1337 936 populi

100 957 246 1022 Romani
270 959 304 1021 et
326 958 479 1040 pristinae
503 959 632 1023 virtutis
656 959 884 1024 Helvetiorum.
930 957 1022 1036 Quod
1044 959 1214 1041 improviso
1237 980 1362 1025 unumc

99 1083 226 1147 pagum
246 1064 379 1128 adortus
395 1068 489 1143 esset,
513 1085 586 1130 cum
609 1065 640 1142 ii,
665 1066 720 1147 qui
742 1065 862 1130 flumen
877 1065 1077 1142 transissent,
1101 1066 1167 1129 suis
1184 1065 1338 1130 auritium

100 1170 185 1235 ferre
217 1190 286 1235 non
314 1174 459 1254 possent,
494 1190 533 1236 ne
564 1173 602 1236 ob
634 1190 706 1236 eam
737 1191 805 1236 rem
829 1173 886 1234 aut
909 1189 986 1235 suae
1009 1189 1201 1255 magnopere
1224 1173 1334 1236 virtut'

99 1278 266 1342 tribueret
297 1280 354 1341 aut
383 1278 468 1361 ipsos
499 1278 684 1362 despiceret.
729 1278 770 1342 Se
801 1279 847 1342 ita
877 1297 895 1342 a
924 1278 1069 1361 patribus
1100 1278 1361 1360 maioribusquec

100 1384 169 1448 ouis
195 1384 365 1459 didicisse,
400 1386 439 1447 ut
465 1385 568 1466 magis
592 1385 711 1450 virtute
737 1403 834 1466 quam
858 1385 930 1449 dolo
954 1385 1181 1450 contenderent
1210 1387 1267 1448 aut
1288 1386 1337 1449 in-

101 1491 193 1554 sidiis
219 1490 412 1555 niterentur.
458 1491 564 1570 Quare
588 1511 628 1556 ne
653 1491 883 1569 committeret,
907 1493 945 1555 ut
967 1491 994 1554 is
1017 1492 1117 1569 locus,
1139 1491 1195 1554 ubi
1219 1492 1360 1555 consti-r

100 1598 241 1674 tissent,
277 1616 314 1660 ex
351 1597 535 1662 calamitate
564 1599 674 1681 populi
704 1598 840 1662 Romani
870 1599 902 1662 et
930 1598 1143 1662 internecione
1179 1598 1335 1663 exereitus

100 1721 224 1767 nomen
250 1705 379 1786 caperet
402 1705 459 1768 aut
481 1705 668 1769 memoriam
691 1705 847 1788 proderet.

194 1809 258 1873 His
289 1808 407 1874 Caesar
434 1810 481 1874 ita
508 1811 687 1894 respondit:
719 1812 765 1876 Eo
796 1811 855 1875 eibi
885 1811 991 1875 minus
1022 1811 1229 1877 dubitationis
1258 1812 1336 1888 dari,
1348 1813 1391 1874 14

102 1917 192 1997 qued
217 1935 272 1980 eas
296 1935 364 1993 res,
388 1936 467 1998 quas
491 1918 588 1997 legati
611 1918 757 1982 Helvetii·
774 1919 1090 1994 commemorassent,
1113 1919 1267 1982 memoria
1290 1920 1337 1982 te·

102 2025 215 2097 neret3
247 2024 345 2104 atque
378 2041 413 2087 eo
437 2025 565 2106 gravius
589 2024 686 2101 ferre,
717 2042 779 2105 quo
802 2024 909 2088 minus
932 2024 1047 2088 merito
1069 2025 1178 2106 populi
1201 2024 1338 2088 Romani

104 2128 318 2203 cecidissent3
343 2129 398 2209 qui
422 2129 448 2193 si
466 2129 600 2193 alicuius
616 2129 749 2193 iniuriae
774 2129 834 2193 sibi
850 2129 995 2193 conscius
1012 2128 1135 2206 fuisset,
1159 2149 1222 2194 non
1238 2128 1362 2193 fuisser

181 2354 205 2395 e.
225 2342 316 2410 opere]
338 2340 518 2407 „vcrhandeln
536 2341 594 2406 mit,
613 2341 692 2394 reden
711 2358 743 2393 zu
758 2339 847 2408 jem.“.
867 2370 900 2378 —
924 2339 1038 2406 fraterrae
1061 2339 1127 2408 eece]
1153 2340 1199 2392 wic
1223 2340 1338 2393 nachher

105 2446 160 2485 ecee
179 2431 218 2484 ist
236 2431 288 2483 mit
311 2429 501 2497 „vorbleiben“
522 2447 553 2482 ru
572 2431 731 2506 thersetren.
752 2458 785 2468 -
811 2429 976 2483 constituere
996 2427 1079 2498 alqm]
1104 2429 1161 2481 hier
1180 2428 1337 2497 „jemanden

105 2519 276 2573 ansiedeln“.
297 2547 330 2556 —
350 2516 415 2586 ecee]
434 2535 454 2571 s.
469 2517 530 2572 Anl.
546 2517 588 2573 0⁹.

180 2619 205 2660 4.
222 2606 409 2677 perseverare]
430 2607 547 2673 „darauf
562 2607 719 2661 bestehen“.
740 2635 772 2643 —
791 2607 1024 2674 reminisceretur]
1043 2607 1146 2660 lautete
1159 2607 1187 2660 in
1201 2604 1246 2660 Or.
1265 2609 1338 2660 reete

105 2697 290 2750 reminiscere.
312 2723 344 2732 -
363 2701 391 2749 et
405 2737 411 2749 .
423 2735 445 2749 ..
461 2696 498 2763 et]
518 2696 572 2749 Das
590 2699 661 2750 erste
680 2702 707 2750 ct
725 2695 791 2750 litsst
809 2697 855 2749 der
869 2696 1003 2750 Deutsche
1021 2713 1086 2764 gern
1104 2697 1282 2750 undbersetzt.
1302 2725 1337 2734 —

105 2785 320 2852 incommodam]
340 2783 575 2852 „Mifsgeschiok“,
594 2785 689 2838 milder
706 2784 845 2838 Auedruck
863 2785 905 2838 ftir
924 2785 1135 2852 „Niederlage“.

182 2887 206 2927 e.
226 2873 311 2941 qaod]
331 2872 459 2939 (adortae
475 2875 552 2942 essct)
570 2899 602 2916 =
623 2891 697 2941 „was
711 2873 758 2926 das
776 2874 885 2939 betrifft,
900 2873 959 2926 dass
972 2875 1022 2927 er“
1037 2873 1099 2926 oder
1113 2874 1218 2926 ktirzer:
1239 2888 1337 2938 „wenn

45 3019 48 3026 ,
107 2963 168 3015 er“.
194 2990 230 2999 -
263 2961 336 3028 cmm]
361 2961 475 3015 zeitlich.
501 2991 535 3000 —
557 2963 603 3030 me]
628 2963 703 3015 fuhrt
726 2963 777 3015 den
803 2962 1031 3033 imperativischen
1055 2961 1204 3030 Hauptsatr
1227 2960 1277 3013 ein.
1303 2988 1336 2998 —

108 3049 243 3118 tribuere]
261 3049 380 3118 htufiger
398 3051 448 3104 mit
466 3051 592 3118 mattam,
608 3051 762 3119 plurimum
781 3051 928 3104 verbunden
948 3051 983 3104 irn
1002 3051 1082 3104 Sinna
1101 3067 1149 3103 von
1169 3048 1336 3118 „jemandem
1362 3089 1365 3095 .

108 3139 159 3193 viel
177 3139 345 3206 zugestchen,
367 3139 418 3192 viel
435 3157 484 3193 von
503 3142 584 3193 etwas
602 3139 702 3206 hatten,
721 3139 772 3192 viel
790 3139 836 3192 aui
852 3143 933 3193 etwas
957 3140 1063 3208 geben“
1086 3138 1216 3207 (negativz
1240 3137 1337 3204 „nicht

108 3227 257 3282 sonderlieh
275 3229 322 3281 auf
338 3231 420 3281 etwas
438 3228 579 3299 pochon“),
597 3228 635 3282 ist
652 3228 710 3282 hier
728 3229 778 3282 mit
796 3245 960 3298 mupmopere
983 3229 1019 3282 im
1043 3227 1161 3296 gleichen
1179 3227 1258 3280 Sinna
1282 3241 1337 3279 rer·

108 3316 223 3370 bunden.
243 3346 276 3356 —
296 3315 443 3386 despicere]
464 3317 736 3385 „geringsohttzen“.

182 3418 206 3459 e.
225 3405 264 3472 se]
280 3430 312 3448 =
328 3405 476 3461 Helvetios.
491 3435 525 3444 —
544 3406 588 3460 ito
602 3406 742 3473 didicisse]
761 3431 796 3450 =
815 3448 830 3473 ‚,
839 3407 876 3460 sic
890 3405 960 3459 scien
974 3422 1003 3460 so
1016 3404 1138 3474 gewdhnt
1152 3402 1287 3458 worden“.
1301 3431 1337 3440 -

107 3495 221 3562 uirtute,
241 3494 303 3549 dolo
322 3494 495 3563 contradere]
515 3494 594 3561 „sich
613 3494 650 3547 im
663 3493 761 3565 Kampf
772 3495 819 3547 der
832 3495 988 3564 Taptertreit,
1003 3495 1049 3548 der
1058 3494 1116 3548 Ir'st
1129 3491 1286 3546 bedionen“.
1301 3519 1336 3530 --

107 3583 224 3638 merdin
241 3583 307 3650 reita]
327 3583 397 3650 „auf
412 3573 544 3637 Uberfdlle
562 3583 679 3636 bauen“.

182 3683 206 3725 r.
226 3671 400 3741 committere]
421 3672 568 3741 „begehen,
587 3672 765 3740 versehulden,
784 3689 812 3726 es
831 3672 910 3726 dahin
928 3673 1048 3726 kommen
1066 3671 1162 3737 lassen,
1182 3669 1273 3724 dess“.
1302 3695 1335 3707 *-

106 3775 208 3815 monem
227 3761 335 3828 rapere]
355 3760 451 3827 „einen
470 3761 572 3815 Nomen
590 3761 772 3815 bekemmen“.
800 3791 834 3800 —-
858 3763 1016 3816 memoriam
1036 3759 1162 3828 prodere]
1189 3757 1258 3825 „das
1284 3755 1337 3810 An·

105 3848 210 3902 denken
228 3849 332 3915 (daran)
350 3849 529 3920 fortpflanzen,
547 3850 670 3918 lebendig
687 3850 838 3903 erhalten“.

116 3930 119 3936 ’
179 3936 260 4006 Kap.
281 3937 330 3992 14.
371 3939 615 4006 1.eo...mimm]
638 3955 667 3994 eo
687 3938 734 3992 wie
752 3940 802 3993 hoc
820 3954 866 3992 vor
884 3937 1000 4004 facilius
1017 3935 1084 4006 Kap.
1107 3937 1140 4002 2,
1164 3937 1190 3990 3.
1216 3965 1251 3974 -
1268 3933 1337 3988 mitet

106 4027 221 4096 aliquid
235 4027 421 4083 dubitationis
435 4028 532 4096 datm]
548 4045 599 4096 „es
612 4029 687 4097 gicht
700 4028 741 4082 fdr
754 4027 823 4080 mich
837 4026 931 4080 Anlass
946 4042 1004 4079 zum
1013 4025 1144 4079 Zweifcl“.
1158 4055 1192 4062 -
1206 4022 1337 4077 numerio

108 4117 208 4184 tenere]
229 4133 250 4170 s.
269 4115 337 4186 Kap.
357 4118 382 4182 7,
401 4117 427 4170 4.
449 4145 481 4154 —
501 4117 538 4171 Zu
555 4117 673 4188 proriae
690 4116 765 4182 ferre
783 4117 866 4170 dente
879 4131 906 4170 ee
920 4116 960 4168 als
975 4114 1086 4184 Subjelrt
1099 4114 1154 4167 und
1172 4129 1219 4168 eor
1235 4128 1278 4166 ree
1296 4112 1336 4166 ets

109 4203 221 4274 Objekt;
238 4207 366 4275 praviter
378 4204 453 4271 ferre
467 4205 577 4274 aliquid
598 4208 703 4272 „etwas
717 4205 886 4259 schmcrrlioh
900 4202 1055 4275 empfinden,
1070 4202 1182 4256 dariiber
1195 4202 1336 4266 entrdstet

108 4298 211 4365 empdrt
230 4295 318 4348 sein“.
337 4323 372 4333 —
390 4295 441 4349 hcc
458 4295 557 4350 cerrito
575 4311 632 4350 meo
655 4293 772 4364 accidit]
799 4295 869 4362 „das
888 4293 954 4347 habe
971 4292 1015 4346 ich
1034 4293 1061 4357 1)
1079 4291 1211 4356 verdient,
1237 4289 1265 4354 2)
1283 4305 1339 4342 ver·

107 4384 257 4439 schuldet“.
