3172 4922
229 336 266 398 32
723 340 763 394 De
780 341 849 394 hello
868 339 967 396 Gallico

231 521 333 586 posse,
356 521 395 566 ne
419 502 519 565 maior
542 501 715 565 multitudo
740 501 973 567 Germanorum
988 503 1138 566 Rhenum
1161 502 1358 579 traducatur,
1383 502 1464 568 Gal-

231 610 371 690 Hamque
395 627 521 672 omnem
545 609 585 671 ab
608 608 758 672 Ariovisti
781 609 896 672 iniuria
919 627 1011 691 posse
1036 609 1212 673 defendere.

178 717 220 778 32
320 715 390 779 Hao
413 715 552 779 oratione
577 715 616 778 ab
640 714 798 778 Divioiaoo
822 716 932 779 habita
955 734 1073 792 omnes,
1098 716 1150 796 qui
1176 715 1318 791 aderant,
1341 734 1462 797 magno

206 821 309 886 allatu
333 821 486 885 auxilium
510 839 529 884 a
552 820 686 886 Caesare
718 822 826 904 petere
857 825 1036 904 coeperunt.
1081 822 1315 888 Animadvertit
1339 822 1462 888 Caesar

231 948 311 992 unos
336 947 373 992 ex
396 927 541 991 omnibus
567 926 730 1009 Sequanos
753 928 834 990 nihil
857 946 967 992 earum
991 947 1099 992 rerum
1118 928 1231 1003 faeere,
1255 947 1334 1009 quas
1358 928 1461 992 aeteri

232 1035 381 1112 faeerent,
406 1033 461 1097 sed
485 1033 594 1097 tristes
612 1034 714 1116 eapite
739 1033 876 1097 demisso
899 1037 1019 1098 terram
1042 1035 1168 1098 intueri.
1203 1035 1280 1097 Eius
1304 1035 1350 1098 rei
1375 1053 1459 1116 quae
1572 1053 1573 1114 i

206 1159 328 1206 aoausa
352 1143 444 1216 esset,
467 1140 603 1203 miratus
628 1159 665 1203 ex
687 1141 764 1224 ipsis
789 1142 934 1221 quaesiit.
980 1140 1070 1204 Nihil
1093 1141 1234 1222 Sequani
1257 1141 1461 1223 respondere,

232 1247 287 1312 sed
322 1248 354 1310 in
386 1247 498 1310 eadem
537 1247 670 1310 tristitia
700 1247 791 1310 taoiti
819 1266 1015 1329 permanere.
1068 1247 1150 1313 Oum
1180 1248 1218 1311 ab
1248 1247 1299 1310 his
1329 1247 1460 1330 saepius

232 1357 400 1435 quaereret
422 1371 525 1433 nequo
549 1353 650 1416 ullam
674 1354 799 1417 omnino
823 1371 932 1417 vooem
957 1355 1130 1436 exprimere
1152 1357 1269 1436 posset,
1292 1354 1377 1418 idem
1400 1353 1460 1416 Di-

204 1460 369 1524 rvioiaous
399 1458 552 1522 Haeduus
582 1459 763 1542 respondit:
793 1459 863 1524 Hoo
887 1479 955 1523 esse
990 1461 1187 1524 miseriorem
1211 1463 1243 1525 et
1278 1461 1459 1542 graviorem

231 1566 393 1630 fortunam
418 1564 638 1646 Sequanorum
662 1581 758 1646 quam
782 1567 993 1647 rquuorum‚
1018 1566 1102 1647 quod
1126 1567 1247 1631 soline
1274 1568 1309 1629 iu
1332 1566 1459 1631 oooulto

232 1671 360 1754 quidem
385 1672 475 1753 queri
497 1690 601 1752 neque
625 1673 778 1735 auxihum
802 1673 970 1754 implorare
995 1673 1150 1736 auderent
1166 1673 1369 1754 absentisque
1385 1672 1460 1735 Ari-

207 1779 325 1844 souisti
349 1777 580 1855 crudelitatem,
604 1779 693 1842 velut
716 1779 743 1842 si
767 1797 873 1842 eoram
905 1779 1047 1855 adesset,
1077 1780 1258 1856 horrerent,
1288 1781 1460 1861 propterea

232 1885 316 1966 quod
338 1885 469 1965 reliquis
501 1886 610 1948 tamen
639 1885 732 1966 fugae
761 1884 897 1949 faoultas
928 1885 1072 1963 daretur,
1097 1885 1253 1966 Sequanis
1282 1903 1371 1961 vero,
1402 1885 1461 1966 qui

231 1993 316 2055 intra
338 1991 416 2055 fines
441 2009 514 2055 suos
539 1992 735 2056 Ariovistum
757 1991 966 2073 recepissent,
998 2011 1133 2073 quorum
1157 1992 1271 2075 oppida
1294 1991 1400 2054 omnia
1422 1991 1459 2054 in

231 2100 389 2182 potetsate
415 2099 482 2162 mus
507 2100 622 2174 essent,
646 2117 755 2161 omnes
780 2099 939 2161 oruoiatus
964 2100 1071 2162 essent
1093 2098 1280 2180 perferendi.

179 2207 221 2269 33
320 2205 379 2268 His
403 2207 497 2269 rebus
521 2206 653 2286 cognitis
671 2205 787 2269 Caesar
805 2203 971 2268 Gallorum
994 2205 1116 2269 animos
1137 2206 1240 2270 verbis
1258 2203 1460 2268 confirmavit

230 2312 454 2394 pollicitusque
479 2314 528 2374 est
552 2311 610 2374 sibi
635 2329 705 2373 eam
729 2329 797 2373 rem
821 2329 914 2373 ourae
937 2310 1098 2384 futuram3
1122 2329 1274 2392 magnam
1290 2329 1323 2374 se
1339 2310 1458 2403 habere

232 2437 321 2500 spem
345 2419 377 2482 et
400 2416 549 2481 benefioio
574 2436 631 2480 suo
655 2418 687 2480 et
716 2417 905 2481 auctoritate
937 2417 1111 2481 adduotum
1136 2419 1332 2482 Ariovistum
1359 2415 1458 2480 finem

232 2593 407 2658 sohreoken“;
427 2593 551 2659 (seltener
558 2592 575 2657 :)
594 2592 759 2658 „hinderu“.
780 2622 814 2631 -
834 2594 969 2660 Galliam]
988 2594 1026 2647 ist
1044 2593 1149 2662 Objekt.
1169 2623 1203 2632 -
1222 2593 1370 2660 defendere
1385 2594 1460 2662 olom

231 2683 266 2736 ab
285 2681 408 2748 iniuria]
429 2723 444 2746 ,‚
453 2682 514 2750 jem.
532 2697 616 2749 gagen
635 2680 884 2750 Gewaltthiitigheit
902 2683 1058 2736 sohiituen“.

302 2769 379 2837 Rue.
400 2769 448 2824 32.
490 2782 511 2823 r.
531 2770 583 2823 hae
601 2771 726 2824 motione
805 2771 911 2841 habita]
930 2770 990 2825 Aul.
1010 2771 1042 2825 K.
1073 2801 1105 2810 -
1135 2787 1237 2838 omnes,
1257 2772 1305 2839 qai
1324 2771 1457 2838 oderant]

230 2858 290 2912 Aul.
309 2858 340 2912 A.

304 2960 327 3002 2.
346 2949 420 3002 alell
438 2964 533 3002 earam
551 2947 655 3015 reram]
675 2948 725 3016 vgl.
746 2965 777 3001 zu
796 2949 863 3002 haee
881 2948 947 3018 Kap.
968 2949 1010 3015 19,
1029 2949 1054 3003 2.
1074 2978 1108 2987 —
1134 2949 1226 3016 eapite
1245 2947 1371 3016 demisso]
1392 2966 1458 3016 „ge-

231 3038 340 3090 senhteu
358 3037 511 3107 Hauptes“.
541 3063 573 3074 ··
602 3038 656 3104 res]
684 3027 875 3104 ,‚Verhalten“.
904 3066 938 3075 —
966 3054 1036 3107 qaae
1061 3054 1147 3092 eausa
1171 3038 1248 3105 earet]
1273 3037 1333 3092 Aul.
1353 3035 1402 3102 Ψ.
1421 3067 1459 3076 -

230 3126 359 3193 miratae]
380 3127 453 3193 „voll
470 3126 716 3194 Verwunderung“.

304 3228 326 3268 a.
345 3214 519 3284 respondere]
545 3215 651 3268 Welohe
669 3215 747 3268 Form
771 3215 829 3268 dies
854 3215 905 3282 ist,
934 3216 1005 3283 zeigt
1028 3215 1075 3268 dae
1098 3215 1326 3284 gleiohgeordnote
1344 3232 1457 3284 perona·

229 3319 301 3356 olere.
316 3333 349 3340 -
364 3304 470 3356 nullom
485 3304 596 3358 mandra
609 3319 698 3359 vocem
711 3304 872 3372 cammaro]
888 3303 977 3370 „aueh
990 3304 1066 3357 nieht
1075 3305 1116 3356 eiu
1126 3303 1199 3370 (oder
1213 3305 1295 3371 „kain
1309 3305 1458 3372 oinriges“)

230 3391 307 3444 Wort
325 3391 561 3459 haraushringon“.
587 3422 620 3430 —
647 3392 718 3446 idem
735 3393 912 3459 Diviciacus]
932 3393 986 3446 Der
1004 3393 1127 3446 Lateiner
1150 3393 1215 3445 heht
1239 3393 1281 3446 dia
1306 3391 1458 3447 Glaiehheit

231 3479 277 3533 der
294 3479 392 3532 Person
411 3478 516 3546 hervor3
535 3481 594 3534 wir
612 3481 732 3548 betonem,
752 3481 809 3535 dass
828 3481 951 3534 wieder
969 3482 1083 3535 dieselbe
1100 3481 1245 3549 Haudlung
1263 3481 1426 3535 stattfindet.

303 3580 327 3621 4.·
346 3567 395 3621 hoo
413 3568 475 3636 (vgl.
494 3568 559 3638 Kap.
575 3570 600 3637 2,
615 3571 642 3635 3)
661 3586 715 3624 esse
733 3571 898 3625 mercatorem
917 3576 943 3625 et
959 3570 1128 3640 graviorem]
1146 3571 1185 3623 ist
1201 3569 1330 3623 Pridikat
1348 3586 1381 3622 zu
1399 3569 1459 3635 for-

230 3662 328 3710 tunam
347 3657 493 3724 („Lage“).
513 3687 547 3694 —
566 3675 649 3726 qaam
662 3660 842 3728 reliqueram]
856 3677 876 3713 s.
891 3659 958 3729 Kap.
969 3661 1012 3726 21,
1023 3661 1041 3714 4
1054 3677 1086 3713 zu
1099 3660 1140 3714 M.
1156 3658 1258 3715 Orasso'.
1273 3688 1307 3697 -
1322 3659 1457 3726 absentis]

230 3745 284 3798 ldse
303 3745 330 3798 in
349 3744 424 3798 einen
441 3745 591 3800 Nobensatz
617 3747 675 3814 auf,
701 3748 747 3801 dor
766 3748 824 3801 dem
842 3748 980 3816 folgenden
1003 3749 1028 3802 ai
1053 3764 1147 3802 eoram
1170 3748 1276 3802 adesset
1299 3751 1410 3814 („weun
1428 3765 1459 3801 er

229 3834 377 3905 perednlioh
396 3851 511 3903 angegen
524 3835 594 3900 sei“)
613 3836 769 3906 entsprioht.
790 3866 823 3876 -
841 3837 949 3905 horreo]
967 3837 1079 3891 intrans.
1096 3837 1161 3904 „ioh
1175 3836 1352 3903 sohaudere“;
1372 3840 1458 3890 trans.

228 3924 335 3990 (selten)
355 3924 419 3990 „ioh
437 3925 501 3978 habe
520 3925 596 3978 vor“.

303 4026 326 4066 s.
345 4011 468 4077 facultas
486 4013 584 4080 aaran]
603 4029 653 4080 „es
671 4014 756 4066 hietat
773 4013 829 4066 sich
847 4013 889 4066 die
902 4013 1104 4081 Mdgliohkeit“.
1119 4030 1154 4051 a·
1173 4013 1276 4080 omnes]
1290 4013 1357 4082 Kap.
1367 4014 1411 4080 31,
1424 4014 1459 4066 12

230 4118 262 4154 zu
280 4118 382 4155 ornata
416 4104 428 4125 ⁰

301 4188 378 4256 Koa.
397 4189 450 4244 33.
491 4202 512 4244 1.
532 4190 575 4244 loia
592 4190 673 4244 rebor
692 4189 818 4258 cognitis]
837 4188 897 4244 Aul.
916 4188 966 4244 11⁶.
984 4219 1019 4248 .—
1039 4190 1157 4257 aaimos]
1176 4189 1237 4244 Aul.
1256 4189 1285 4244 Τ.
1308 4219 1342 4230 -
1367 4191 1459 4246 vorbis

230 4278 403 4345 confirmare]
429 4279 514 4345 „Mut
537 4279 719 4348 einspreohen,
738 4278 911 4346 heruhigen“.
937 4308 971 4318 —
997 4279 1067 4333 mill
1085 4296 1118 4334 ea
1135 4296 1178 4334 res
1196 4295 1281 4334 mae
1299 4279 1364 4347 erit]
1391 4279 1457 4347 „ioh

228 4367 313 4420 werde
327 4366 397 4420 mioh
412 4367 458 4420 der
469 4366 551 4421 Saehe
565 4368 741 4422 annehmen“.
757 4395 790 4406 -
809 4367 980 4435 heroefieium]
995 4368 1118 4436 ,‚Boweis
1131 4385 1182 4422 von
1195 4368 1375 4435 Wohlwollen,
1389 4371 1456 4436 gnte

1140 4483 1169 4500 ⁴⁰,
