3086 4920
251 349 306 412 288
745 353 784 408 De
801 354 870 408 bello
889 352 988 409 Gallice

253 514 357 578 solum
391 514 424 578 in
458 514 629 598 pristinum
664 515 788 580 statum
821 515 992 593 redissent,
1031 514 1087 580 sed
1122 515 1266 579 omnium
1303 517 1471 599 temporum

253 619 441 702 dignitatem
476 623 510 686 et
539 621 677 702 gratiam
706 622 915 687 antecessisse
949 622 1140 686 viderentur.
1186 621 1246 686 His
1280 621 1367 686 datis
1395 641 1474 686 mar·

253 726 338 790 datis
362 745 415 792 eos
440 728 479 793 ab
503 745 536 793 se
561 727 690 792 dimisit.

198 837 242 899 bb
341 833 567 899 Noviodunum
589 836 659 899 erat
681 833 832 917 oppidum
847 833 1031 898 Aeduorum
1056 835 1096 898 ed
1119 834 1204 917 ripas
1220 835 1349 918 Ligeris
1373 854 1471 918 oppor-

228 943 331 1005 2tuno
354 941 422 1005 loco
444 941 596 1023 pesitum.
627 940 700 1006 Huc
716 940 835 1006 Caesar
850 960 959 1006 omnes
975 941 1100 1006 obsides
1117 940 1249 1019 Galliae,
1272 942 1474 1018 frumentum

251 1047 420 1131 pecuniam
457 1047 635 1130 publicum,
680 1066 813 1112 suerum
851 1050 947 1129 atque
986 1048 1143 1112 exercitus
1179 1048 1474 1131 impedimentorum

228 1171 404 1235 amagnam
419 1155 544 1236 partem
560 1154 755 1228 contulerat3
778 1155 842 1218 huo
857 1172 1010 1235 magnum
1025 1173 1197 1218 numerum
1211 1173 1372 1237 equorum
1386 1154 1471 1218 huius

226 1260 328 1326 ebelli
351 1278 448 1324 eausa
470 1260 504 1324 in
526 1259 623 1324 Italia
646 1262 742 1341 atque
766 1259 922 1342 Hispania
944 1262 1127 1343 coemptum
1150 1261 1293 1325 miserat.
1338 1262 1385 1326 Eo
1408 1279 1471 1324 eum

251 1366 445 1450 Eporedorix
466 1365 752 1448 Viridomarusque
783 1367 945 1432 venissent
975 1367 1008 1430 et
1031 1366 1070 1431 de
1094 1369 1183 1432 statu
1205 1367 1347 1435 civitatis
1371 1385 1473 1450 cogno·

252 1473 389 1551 rissent,
411 1473 610 1538 Litaviccum
632 1472 775 1537 Bibracti
798 1474 837 1538 ab
860 1472 980 1538 Aeduis
1002 1475 1182 1556 receptum,
1213 1475 1299 1555 qued
1323 1477 1374 1540 est
1396 1473 1474 1557 oppi-

253 1579 331 1644 dum
355 1580 440 1662 apud
463 1596 516 1643 eos
539 1579 696 1644 maximae
721 1579 929 1656 auctoritatis,
953 1578 1238 1646 Conuictolitauem
1253 1581 1470 1664 magistratum

252 1704 466 1768 magnamque
490 1687 615 1768 partem
639 1687 769 1749 senatus
794 1685 834 1750 ad
857 1704 932 1750 eum
955 1686 1154 1764 convenisse,
1185 1687 1310 1768 legates
1339 1687 1379 1751 ad
1401 1686 1473 1749 Ver·

253 1793 480 1874 cingetorigem
504 1791 542 1856 de
565 1810 642 1875 pace
666 1794 699 1856 et
722 1792 863 1857 amicitia
886 1792 1081 1856 concilianda
1104 1793 1229 1876 publice
1257 1794 1390 1871 missos,
1416 1811 1470 1856 non

229 1899 575 1982 spraetermittendum
604 1899 733 1962 tantum
756 1898 958 1963 commodum
981 1899 1253 1965 existimaverunt.
1298 1899 1410 1982 Itaque
1430 1898 1471 1960 in·

253 2004 395 2070 terfeetis
418 2004 598 2069 Novioduni
629 2003 813 2069 custodibus
845 2005 963 2087 quique
993 2023 1029 2070 eo
1059 2005 1243 2088 negotiandi
1277 2025 1375 2070 causa
1407 2023 1472 2069 con·
1530 1993 1531 2088 i

228 2112 422 2187 evenerant,
455 2111 624 2193 pecuniam
654 2112 751 2192 atque
781 2129 879 2192 equos
908 2111 992 2175 inter
1023 2130 1057 2176 se
1087 2112 1199 2194 partiti
1229 2114 1323 2187 sunt;
1357 2110 1468 2176 obsides

229 2218 421 2283 reivitatum
443 2217 593 2283 Bibracte
617 2217 657 2281 ad
679 2218 906 2300 magistratum
928 2217 1129 2283 deducendos
1153 2222 1365 2294 curaverunt;
1393 2217 1471 2301 oppi-

254 2325 346 2402 dum,
377 2324 462 2406 quod
486 2342 505 2388 a
528 2343 561 2388 se
585 2324 688 2388 teneri
710 2342 774 2388 non
796 2342 888 2406 posse
912 2323 1111 2403 iudicabant,
1140 2343 1181 2390 ne
1212 2327 1264 2390 eui
1294 2327 1380 2391 esset
1405 2323 1469 2388 usui

229 2430 421 2508 sRomanis‚
451 2430 678 2504 incenderunt3
708 2429 861 2494 frumenti
891 2430 975 2512 quod
1004 2431 1109 2496 subito
1139 2432 1315 2514 potuerunt
1348 2432 1467 2496 navibus

229 2538 441 2614 sauciarunt,
464 2537 624 2620 reliquum
646 2535 777 2601 flumine
802 2538 898 2619 atque
922 2537 1066 2602 incendio
1091 2540 1311 2621 corruperunt.
1355 2538 1417 2622 Ipsi
1437 2553 1468 2600 ei

252 2645 397 2709 finitimis
420 2643 601 2725 regionibus
625 2644 731 2726 copias
755 2662 874 2725 cogere,
897 2643 1055 2727 praesidia
1085 2645 1310 2726 custodiasque
1335 2645 1374 2710 ad
1394 2644 1468 2726 ripas

253 2751 375 2833 Ligeris
410 2750 580 2833 disponere
610 2751 855 2832 equitatumque
891 2751 1036 2815 omnibus
1071 2752 1149 2816 loeis
1178 2752 1331 2816 iniciendi
1359 2748 1468 2815 timoris
1529 2813 1530 2816 ,

254 2876 352 2922 causa
381 2858 542 2921 ostentare
578 2858 763 2939 coeperunt,
798 2857 826 2920 si
856 2857 895 2921 ab
927 2875 961 2921 re
996 2856 1208 2922 frumentaria
1237 2859 1396 2922 Romanos
1425 2873 1469 2919 er·
1529 2839 1530 2906 i

254 2963 381 3029 eludere
421 2965 479 3027 aut
517 2962 669 3028 adductos
704 2963 811 3047 inopia
844 2964 878 3027 in
910 2964 1106 3046 provinciam
1144 2966 1302 3048 erpellere
1340 2963 1465 3047 possent.

254 3227 335 3283 Cesar
352 3228 484 3282 verholfen
501 3227 586 3294 hatte,
605 3244 659 3281 war
676 3228 727 3281 viel
744 3228 846 3296 grbfser
863 3229 903 3282 ais
914 3228 949 3297 je.
970 3257 1004 3267 —
1024 3233 1101 3284 tuom
1112 3230 1239 3298 qratiam
1253 3230 1396 3298 caucasi]
1414 3226 1466 3296 „ich

254 3316 353 3370 besitze
370 3317 490 3385 grdisem
508 3315 619 3370 Einfluis
637 3316 677 3370 als
696 3316 762 3371 du“.

325 3421 404 3490 Kap.
426 3424 473 3480 55.
517 3435 602 3477 1-a.
617 3422 742 3491 peccata
757 3423 885 3491 publico]
910 3422 994 3476 Nicht
1011 3423 1080 3478 blois
1099 3423 1141 3478 die
1158 3423 1348 3494 Kriegakasse‚
1373 3423 1468 3479 sordem

255 3509 403 3580 uberhaupt
422 3511 463 3565 die
481 3511 647 3565 bffenthchen
665 3511 775 3565 Kassen.
795 3538 829 3548 —
848 3511 975 3580 coemere]
995 3512 1190 3579 ‚,aufkauien“.

328 3629 352 3671 4.
371 3616 404 3670 de
422 3618 509 3686 statu]
528 3618 595 3672 Wie
614 3635 642 3672 es
661 3619 742 3685 steht,
761 3618 852 3672 lehren
871 3618 912 3672 die
930 3618 1068 3688 folgenden
1081 3617 1142 3674 Aac.
1161 3621 1213 3674 mit
1230 3620 1282 3675 Inr.
1302 3651 1338 3660 -
1355 3619 1423 3690 quod
1528 3621 1529 3628 ’

255 3704 401 3774 oppidum]
425 3705 491 3776 Kap.
510 3708 577 3773 3,3
602 3707 676 3776 quod
693 3707 825 3776 spatium.
851 3737 885 3746 -
911 3708 1090 3782 corumptum]
1115 3708 1207 3762 Worin
1226 3709 1269 3762 die
1293 3710 1412 3780 gunebige
1428 3704 1466 3760 de
1528 3703 1529 3746 i

255 3793 387 3860 legenheit
404 3794 519 3863 besteht,
537 3796 576 3850 ist
593 3797 657 3850 eben
675 3799 778 3865 geeagt.
1528 3787 1529 3810 ¹

329 3912 388 3953 ru.
409 3911 432 3956 8.
457 3901 530 3969 quod
547 3902 723 3971 iudicabant]
748 3901 808 3957 Anl.
827 3903 857 3957 P.
882 3933 915 3942 —
939 3919 974 3958 ree
992 3904 1040 3958 oui
1057 3909 1126 3958 esset
1142 3903 1221 3970 usuc]
1247 3905 1338 3975 aliqui
1360 3903 1409 3958 uud
1428 3900 1464 3953 das

256 3985 331 4039 dafiir
348 3987 510 4043 aintretende
529 3990 578 4058 qui
596 3991 688 4044 istim
706 3990 858 4045 Deutsehen
876 3992 915 4046 oft
933 3991 1016 4045 durch
1035 3991 1222 4060 „irgendwie“
1249 4009 1282 4046 ru
1305 3995 1421 4046 ersetren.
1437 4013 1464 4024 -

255 4075 357 4142 subito]
377 4077 426 4142 „in
444 4077 509 4130 aller
525 4077 590 4144 Eile,
608 4079 637 4132 in
656 4078 703 4132 der
721 4076 990 4148 Gemhwmdigkeia‘fl
1016 4109 1051 4119 —
1074 4080 1189 4148 flamoso
1208 4081 1402 4151 corruperunt]
1419 4075 1463 4130 Wit

257 4163 294 4216 sie
312 4180 340 4216 es
358 4164 545 4232 vemiohteten‚
563 4171 669 4222 mdssen
687 4167 734 4220 wir
752 4167 923 4238 weiuaufiger
941 4170 1067 4238 angeben.

329 4281 352 4323 a.
375 4269 512 4336 finitimo
536 4271 670 4341 regiones]
698 4272 759 4326 Ein
783 4273 861 4328 Wcrt
882 4275 919 4328 im
942 4274 1102 4329 Deutsohen.
1127 4303 1163 4314 —
1185 4275 1212 4329 εἰ
1290 4273 1406 4347 mant]
1426 4269 1463 4322 rie

255 4354 390 4426 Kaphd,
411 4360 452 4413 10.
488 4359 552 4415 Men
569 4361 657 4414 woilte
675 4361 717 4414 die
735 4361 830 4416 Rbmer
848 4363 979 4418 eutweder
997 4363 1081 4417 durch
1098 4362 1212 4432 Hunger
1229 4365 1377 4431 aufreiben,
1393 4359 1462 4416 indam
1527 4391 1528 4402 .
