3134 4922
530 370 627 426 Comm.
646 371 678 439 V,
697 389 719 426 e.
739 373 852 427 12-14.
873 368 876 374 ’
1255 370 1307 430 153

81 531 133 595 sed
161 530 234 613 pari
264 531 365 614 spatio
394 532 603 596 transmissus
634 533 730 614 atque
761 551 798 596 ex
822 531 927 598 Gallia
957 535 1008 596 esi
1035 533 1069 596 in
1096 533 1305 598 Britanniam.

80 637 115 701 In
136 638 197 701 hoa
220 637 325 702 medio
349 656 446 702 eursu
470 640 519 702 esi
541 639 655 715 insula,
680 657 761 720 quae
786 639 965 722 appellatur
988 639 1102 714 Mona;
1126 641 1330 722 compluress

80 745 243 826 praeterea
265 744 403 808 minores
428 744 588 808 subiectae
617 744 741 808 insulae
773 745 1012 819 existimantum
1043 745 1081 810 de
1113 746 1228 827 quibus
1258 747 1306 810 in·

81 849 153 914 sniis
176 849 325 912 nonnulli
348 850 544 932 seripserunt
567 849 634 914 dies
658 850 824 914 continuos
848 851 980 932 triginta
1003 851 1062 915 sub
1091 852 1206 915 brume
1235 871 1305 917 esse

80 957 211 1019 noelem.
258 955 325 1019 Nos
347 955 429 1018 nihil
452 954 490 1018 de
510 973 551 1019 eo
574 956 864 1038 percontationibus
888 957 1132 1039 reperiebamus,
1154 958 1216 1020 nisi
1238 976 1329 1022 eeu-4

80 1063 118 1126 lis
141 1081 179 1126 ex
202 1080 307 1143 aquae
330 1063 489 1127 mensuris
517 1062 675 1126 breviores
706 1081 774 1127 esse
806 1081 904 1144 quam
931 1063 965 1126 in
995 1063 1167 1128 continenti
1195 1067 1304 1129 noeles

80 1168 272 1234 videbamus.
317 1169 423 1232 Huius
451 1171 501 1232 esi
531 1168 696 1250 longitudo
726 1169 850 1245 lateris,
880 1171 918 1232 ui
944 1167 1007 1232 feri
1036 1169 1164 1233 illorum
1193 1170 1329 1252 opinior

80 1275 353 1358 septingentorum
383 1275 516 1339 milium.
568 1275 711 1340 Tertium
743 1278 793 1340 esi
827 1277 936 1340 eontra
971 1276 1217 1359 sepieniriones;
1254 1277 1330 1340 onie

79 1383 157 1464 parti
180 1383 274 1446 nulla
297 1384 347 1446 esi
370 1382 493 1446 obieeta
516 1382 619 1456 terrm
650 1381 706 1446 sed
729 1382 797 1446 eius
822 1383 958 1463 angulus
987 1383 1067 1446 aller
1098 1382 1234 1446 maxime
1265 1383 1305 1446 ad

81 1487 285 1552 Germaniam
315 1489 447 1570 spectat.
497 1487 565 1552 Hoe
593 1488 682 1551 milia
710 1506 865 1570 passuum
893 1488 1075 1570 oelingenta
1103 1489 1138 1552 in
1166 1489 1305 1570 longitu-

80 1594 180 1659 dinem
205 1613 278 1658 esse
301 1595 509 1659 existimatur.
554 1593 607 1658 Iia
635 1594 737 1658 omnis
768 1594 875 1658 insula
905 1596 955 1658 est
983 1595 1017 1658 in
1047 1595 1181 1659 oirouiiu
1210 1595 1328 1658 violesr

80 1704 205 1765 eentum
228 1701 356 1764 milium
378 1719 542 1784 passuum.

104 1791 109 1802 ’
162 1808 211 1872 Ex
243 1808 293 1872 his
323 1808 470 1872 omnibus
500 1808 592 1889 longe
623 1809 700 1871 sunl
727 1807 966 1883 humanissimi,
997 1808 1052 1888 qui
1079 1806 1230 1872 Cantium
1257 1804 1359 1870 ιιι-14

81 1916 198 1992 oolunt,
223 1933 309 1997 quae
330 1915 417 1996 regio
431 1917 490 1979 esi
513 1914 674 1978 maritima
696 1914 813 1990 omnis,
844 1919 947 1994 neque
977 1915 1117 1978 mullum
1141 1933 1161 1978 a
1184 1913 1306 1980 Galliae

81 2019 228 2086 differunt
252 2019 490 2086 consuetudine.
534 2020 705 2085 Interiores
728 2020 872 2103 plerique
903 2019 1064 2084 frumenta
1093 2040 1156 2085 non
1186 2022 1330 2097 serundo

82 2127 131 2191 sed
152 2129 240 2192 laete
265 2130 298 2192 ei
319 2145 413 2192 earne
436 2127 549 2191 vivunt
569 2127 769 2210 pellibusque
794 2128 871 2190 sunt
886 2127 1002 2191 vestiti.
1034 2125 1152 2191 Omnes
1174 2146 1247 2190 vero
1271 2145 1304 2190 se

176 2281 290 2288 -..ὰφ-

82 2374 105 2427 in
130 2374 176 2428 der
202 2375 305 2428 Phraae
332 2391 365 2429 ere
392 2375 488 2429 orbme
511 2373 632 2444 pendere
659 2398 693 2418 ε
722 2391 794 2440 „am
821 2373 920 2428 Beome
946 2374 1081 2441 hingen“.
1111 2402 1144 2410 —
1172 2370 1305 2440 epatium]

83 2464 220 2528 ‚‚l)auer“.
249 2492 284 2502 -
308 2463 403 2532 alque]
422 2463 499 2516 leitei
517 2463 584 2516 naeh
602 2462 652 2516 den
670 2462 794 2515 Wdrtern
813 2462 860 2516 der
879 2460 1028 2516 Gleiohheit
1046 2461 1101 2515 und
1119 2459 1305 2528 Ungleiohheit

81 2551 149 2606 einen
162 2552 305 2620 Vergleioh
318 2551 375 2618 ein3
394 2551 479 2605 dieser
496 2551 535 2604 ist
551 2551 609 2604 hier
627 2551 757 2617 verlini,
776 2551 845 2603 donn
864 2567 911 2604 aus
930 2549 988 2604 dem
1003 2548 1113 2604 Geneiiv
1127 2547 1305 2602 transmiseris

81 2640 115 2693 ist
130 2641 171 2694 ffir
189 2643 241 2694 das
259 2640 349 2694 aweite
367 2639 444 2694 Glied
462 2639 510 2694 der
527 2637 679 2693 Nominaiiv
704 2656 735 2692 au
754 2639 924 2704 eninehmen,
952 2638 1002 2692 deu
1021 2638 1068 2691 wir
1086 2636 1169 2690 duroh
1188 2636 1237 2688 den
1262 2635 1306 2688 be·

82 2731 168 2783 iontem
186 2728 295 2783 Artikel
313 2733 438 2782 ersetzen.
1146 2719 1149 2724 ’

150 2840 172 2881 e.
191 2827 240 2882 hie
320 2825 428 2894 careas]
453 2824 520 2892 „die
537 2823 621 2878 Fahri
645 2824 725 2878 delrio
733 2825 758 2891 “‚
785 2825 891 2878 ehnlich
910 2825 957 2879 wie
982 2824 1028 2877 laio
1047 2823 1125 2878 dolor
1142 2822 1208 2892 Kap.
1227 2821 1253 2888 4,
1271 2823 1304 2886 4;

82 2916 184 2970 medius
201 2917 292 2970 iibere.
311 2914 443 2969 entweder
460 2913 508 2967 uie
525 2913 591 2983 Kep.
610 2914 636 2980 3,
655 2915 673 2966 4
691 2913 753 2968 oder
771 2914 822 2966 mit
840 2913 962 2981 ,‚halb“l
993 2939 1022 2950 -
1047 2913 1184 2967 subitam
1261 2927 1305 2965 ee>-

82 3004 254 3071 islimantur]
279 3003 416 3058 muetos
433 3001 516 3055 hailei
534 3001 594 3069 das,
612 3018 665 3055 uas
685 3001 744 3054 dem
761 3000 835 3054 Ende
852 3001 923 3054 eines
942 3000 1089 3054 hoheren
1107 2996 1304 3068 Gegenstaudes

82 3093 144 3146 nahe
162 3094 243 3163 liegt3
262 3093 382 3148 obieelue
401 3109 454 3145 was
467 3091 632 3160 vorgelagert
649 3091 695 3158 ist,
714 3090 891 3158 vot...liegi.
911 3120 944 3126 -
964 3088 1023 3144 aaa
1042 3088 1197 3155 continuos]
1211 3088 1304 3143 Arous.

82 3179 124 3234 der
138 3182 291 3248 Zeitdaue13
318 3197 365 3234 zur
381 3171 564 3249 Ubersetzung
582 3196 603 3234 s.
622 3179 667 3246 IV,
685 3179 730 3246 34,
748 3180 774 3232 4.
805 3207 836 3217 —
864 3178 927 3247 sub]
946 3195 997 3232 nur
1014 3178 1072 3231 hier
1089 3177 1131 3230 bei
1150 3176 1177 3232 C.
1197 3179 1224 3230 in
1243 3176 1305 3228 noio

82 3270 159 3324 lioher
176 3269 337 3338 Bedeutung
354 3270 405 3322 mii
424 3270 483 3323 dem
500 3269 616 3323 Ablativ.

149 3381 173 3423 e.
192 3367 328 3436 reperire]
347 3367 409 3421 Aul.
428 3366 454 3420 N
461 3367 478 3420 ¹.
499 3397 532 3406 —
550 3366 608 3421 aiei
687 3366 858 3433 videbamus]
881 3365 955 3418 fohri
972 3363 1039 3417 ueoh
1057 3363 1141 3416 einem
1166 3361 1305 3430 negativon

82 3456 154 3511 Setae
171 3457 233 3512 eine
250 3455 402 3510 Ausnahme
427 3457 476 3510 ain.
506 3485 540 3494 -
567 3455 667 3524 witae]
693 3455 797 3508 soheint
820 3454 867 3508 das
892 3452 1052 3522 griechisohe
1069 3451 1148 3504 Wori
1169 3449 1305 3520 clepsydra

84 3545 277 3610 ‚‚Waeseruhr“
296 3563 327 3598 zu
341 3544 529 3610 umsehreiben,
547 3544 629 3597 wofdr
642 3542 683 3596 die
698 3541 827 3597 Grieohen
844 3542 911 3595 euoh
928 3541 992 3594 lrum
1011 3539 1156 3608 „Waaser“
1175 3541 1276 3607 sagtan.

151 3655 230 3698 e—a.
248 3648 283 3698 ut
295 3659 356 3698 mea
368 3642 424 3709 fert
436 3641 545 3710 opinio]
563 3642 602 3695 eii
619 3640 818 3712 parenthetisoh
836 3640 877 3692 fiir
895 3638 1016 3706 „meiner
1029 3637 1143 3692 Ansioht
1155 3635 1254 3689 naoh“.
1270 3663 1304 3672 -

84 3736 190 3786 eentum
208 3731 317 3786 milium
333 3728 502 3800 sparsum]
522 3727 633 3783 Genetiv
651 3729 698 3783 der
710 3729 892 3797 Eigenseheii;
911 3731 1019 3782 mlum
1033 3725 1108 3780 steht
1121 3724 1168 3778 wie
1181 3724 1248 3779 anah
1262 3741 1304 3776 zu-

84 3821 170 3874 ueilsn
188 3821 231 3874 bei
251 3820 364 3873 anderen
382 3818 590 3872 Schrifistellern
609 3820 679 3872 stati
696 3822 847 3873 centenum.

150 3926 230 3996 Καρ.
252 3925 303 3984 14.
344 3939 365 3980 ι.
384 3923 535 3994 eumaem]
553 3925 599 3992 IV,
618 3926 644 3994 3,
662 3927 688 3980 3.
708 3953 741 3962 -
767 3925 816 3993 pra·
835 3923 965 3979 Gentium
981 3920 1118 3987 inuoluat]
1137 3919 1198 3974 Aul.
1216 3918 1249 3972 A.
1270 3945 1303 3954 -

83 4031 150 4083 puae
167 4015 254 4086 rapio]
273 4015 324 4084 vgl
343 4013 538 4082 quesnelli,
557 4013 600 4081 25,
619 4014 644 4068 1.
663 4042 699 4052 -
722 4012 877 4079 maritimo]
897 4012 982 4065 libers.
1002 4007 1223 4064 substantiviselr!
1250 4006 1303 4074 vgl.

83 4103 122 4158 die
139 4105 306 4172 Bemerkung
324 4120 355 4156 zu
370 4119 442 4172 para
458 4101 525 4172 Kap.
545 4102 588 4169 12,
607 4103 632 4156 1.
652 4132 686 4141 -
710 4101 846 4168 Gallim]
870 4103 932 4168 regi
949 4098 1030 4154 Cesar
1049 4098 1129 4152 ditare
1148 4095 1189 4149 fiir
1210 4093 1303 4149 Gallo-

82 4209 148 4248 rum.
167 4224 202 4234 —
221 4191 399 4262 ammodo]
417 4191 569 4246 beaeiehnoi
586 4191 654 4245 eueh
671 4191 713 4244 die
730 4190 915 4244 lebensweise.

152 4301 175 4347 ².
195 4290 350 4357 interiores]
364 4290 422 4344 Den
435 4288 582 4358 Gogensaiz
595 4289 623 4342 iu
636 4288 682 4341 der
690 4287 867 4341 Iebensueise
880 4286 926 4340 der
935 4283 1128 4338 Biouenllinder
1140 4283 1243 4337 konnen
1257 4282 1305 4335 wir

82 4377 162 4434 duroh
181 4380 238 4435 eine
251 4379 369 4434 Partilrel
381 4379 567 4434 hervorheben.
588 4407 620 4416 -
637 4376 772 4446 praeque]
792 4375 926 4428 ubersetae
945 4371 1090 4427 adverbiali
1111 4399 1144 4410 -
1163 4369 1304 4436 Mento
