3172 4922
563 355 660 410 comm.
679 356 701 423 1,
720 373 741 411 0.
760 358 875 412 34-36.
1300 359 1337 420 oo

105 516 244 598 amphus
281 517 374 580 trans
403 516 552 580 Rhenum
586 517 621 580 in
650 517 788 582 Galliam
826 519 1024 595 traduceret3
1058 520 1170 586 deinde
1200 521 1332 601 obsides

105 641 184 703 quos
207 622 346 686 haberet
369 623 408 686 ab
431 622 590 698 Haeduis,
618 623 764 688 redderet
793 624 1013 707 Sequanisque
1041 628 1259 708 permitteret,
1287 631 1332 707 ut,

104 747 186 809 quos
201 729 250 791 illi
264 728 430 807 haberent,
445 730 610 794 uoluntate
627 730 694 793 eius
711 730 841 795 reddere
858 732 920 796 illis
937 733 1063 806 liceret3
1086 753 1166 798 neve
1182 734 1332 800 Haeduos

103 834 222 898 iniuria
245 836 426 913 lacesseret,
449 854 527 900 neve
551 836 600 898 his
638 836 792 917 sociisque
825 832 934 902 eorum
963 829 1083 902 bellum
1112 839 1252 904 inferret.
1299 841 1357 905 Sir

103 941 151 1005 ita
174 940 313 1018 fecisset,
337 941 396 1005 sibi
418 942 597 1024 populoque
614 942 756 1006 Romano
779 946 968 1027 perpetuam
988 945 1125 1026 gratiam
1142 947 1238 1028 atquc
1255 948 1333 1011 ami-

104 1047 215 1112 citiem
240 1067 314 1111 cum
339 1065 374 1111 eo
397 1047 556 1120 futuram3
582 1047 608 1110 si
623 1066 686 1110 non
701 1048 896 1130 impetraret,
921 1067 999 1128 sese,
1025 1052 1175 1131 quoniam
1190 1053 1233 1116 M.
1249 1054 1334 1119 Mes-

104 1154 176 1218 sala
191 1153 234 1217 Μ.
250 1153 367 1218 Pisone
390 1153 571 1218 oonsulibus
596 1156 728 1217 senatus
752 1155 937 1232 censuisset,
961 1157 1024 1234 uti,
1050 1157 1241 1239 quicumque
1259 1158 1333 1224 Gal·

105 1261 185 1323 liam
207 1259 402 1342 provinciam
426 1261 590 1337 obtineret,
615 1260 698 1341 quod
715 1261 879 1326 commodo
895 1263 1086 1345 reipublicae
1102 1263 1204 1328 iacere
1216 1267 1332 1347 posset,

104 1366 256 1430 Haeduos
281 1366 464 1447 ceterosque
489 1365 605 1430 amicos
635 1367 743 1448 populi
766 1368 902 1432 Romani
926 1367 1123 1452 defenderet,
1147 1388 1181 1434 se
1204 1370 1334 1435 Haedu-

106 1492 200 1536 orum
224 1472 357 1536 iniurias
380 1492 443 1536 non
467 1473 698 1554 neglecturum.

195 1579 245 1642 Ad
269 1579 349 1643 haec
364 1579 542 1643 Ariovistus
567 1579 746 1660 respondit:
769 1581 825 1644 Ius
851 1599 919 1645 esse
938 1582 1022 1658 belli,
1045 1584 1083 1646 ut
1107 1583 1165 1665 qui,
1184 1584 1334 1650 vicissent
1344 1589 1388 1650 ab

104 1685 153 1761 iio,
178 1703 258 1766 quos
283 1684 443 1760 vicissent,
467 1686 735 1766 quemadmodum
751 1686 879 1764 vellent,
902 1687 1112 1770 imperarent;
1135 1688 1213 1753 item
1235 1709 1334 1774 popu·
1368 1729 1370 1736 ·

105 1791 174 1854 lum
197 1791 381 1855 Romanum
404 1792 495 1856 victis
519 1810 582 1856 non
606 1791 646 1855 ad
670 1793 800 1856 alterius
824 1795 1071 1877 praescriptum,
1095 1795 1151 1860 sed
1175 1795 1214 1859 ad
1237 1816 1333 1861 suum

104 1898 276 1962 arbitrium
299 1897 455 1985 imperare
479 1917 657 1962 consuesse.
698 1898 732 1963 Si
754 1899 820 1982 ipse
844 1900 959 1982 populo
983 1901 1126 1965 Romano
1156 1921 1219 1966 non
1242 1921 1358 1985 prae-a

105 2005 275 2081 scriberet,
310 2003 580 2084 quemadmodum
613 2024 670 2069 suo
699 2005 768 2069 iure
798 2007 957 2083 uteretur,
986 2025 1049 2070 non
1079 2010 1221 2090 oportere
1250 2027 1283 2074 se
1314 2029 1333 2074 a

106 2112 223 2194 populo
238 2111 385 2174 Romano
408 2112 441 2174 in
464 2130 522 2175 suo
545 2112 613 2175 iure
637 2112 791 2195 impediri.
825 2112 977 2176 Haeduos
994 2113 1061 2190 sibi,
1086 2115 1236 2196 quoniam
1258 2117 1358 2180 bellis

104 2217 269 2282 fortunam
292 2219 507 2300 temptassent
531 2220 563 2282 et
587 2218 684 2282 armis
707 2220 868 2301 congressi
892 2237 929 2283 ac
958 2221 1100 2302 superati
1129 2225 1251 2300 essent,
1275 2223 1332 2287 sti-

178 2425 201 2466 a.
222 2411 339 2479 obsides]
366 2411 461 2480 gehdrt
479 2429 511 2464 uu
528 2412 653 2466 redderet
671 2411 727 2465 und
746 2429 777 2465 nu
797 2412 910 2466 reddere
930 2413 1031 2468 liceret.
1053 2441 1085 2452 -·
1100 2416 1282 2484 permitteret,
1300 2421 1334 2470 ut

158 2501 303 2555 volomtate
317 2499 393 2570 (Kap.
405 2501 429 2566 7,
439 2501 467 2565 3)
483 2541 524 2554 ...
540 2500 643 2567 liceret]
664 2501 735 2554 kann
749 2501 843 2555 ebenso
857 2501 1001 2571 weitttufig
1021 2503 1208 2572 nachgebildet
1221 2504 1332 2571 werden,

104 2606 179 2644 wenn
197 2589 292 2644 diecret
309 2589 360 2642 mit
378 2589 514 2656 „diirfen“
533 2590 668 2643 ubersetzt
682 2589 755 2644 wind.
776 2619 808 2628 -
827 2590 938 2645 iuturr'c
953 2592 1093 2659 lucescere]
1114 2593 1283 2660 „krttuken“.
1298 2623 1332 2632 -

103 2679 206 2732 belhem
223 2677 341 2747 tuserre]
359 2677 425 2748 Καρ,
445 2679 470 2746 2,
489 2679 514 2731 4.

177 2779 202 2821 r.
225 2768 251 2822 u
330 2766 449 2834 seusus]
473 2767 528 2820 me
552 2767 577 2820 e·
600 2753 658 2820 uu
679 2768 844 2836 impetraret
866 2768 945 2835 (naon
963 2767 1029 2838 rap.
1048 2770 1097 2836 31,
1117 2770 1145 2835 a)
1168 2770 1255 2823 neuen
1278 2787 1334 2824 ver-

103 2855 242 2910 schiedene
261 2854 400 2924 Subjekte3
425 2856 472 2909 auf
488 2855 535 2908 das
554 2856 635 2908 letzte
653 2856 756 2908 bczieht
775 2855 831 2908 sich
849 2857 965 2909 nachher
982 2873 1049 2925 sese,
1076 2857 1123 2910 das
1142 2859 1231 2911 weiter
1250 2862 1332 2913 unten

102 2944 188 2998 durch
207 2959 234 2998 se
252 2943 348 2997 wieder
365 2943 561 3012 uufgenommen
580 2943 653 2998 wind.
673 2974 707 2983 —
726 2944 795 2998 rutbr’
811 2945 907 3013 pretio
928 2951 1008 3014 etque
1027 2946 1154 3000 amicitia
1173 2951 1263 3000 terrun
1282 2948 1332 3015 eet]

103 3033 172 3101 „ich
190 3033 249 3086 lebe
266 3033 318 3086 mit
336 3032 377 3086 dir
394 3033 422 3086 in
440 3032 550 3086 Frieden
570 3033 623 3085 und
641 3031 863 3086 Freundsehaft“.
889 3063 923 3071 -
948 3039 1062 3088 eeuatue
1080 3035 1195 3102 censuit,
1213 3035 1259 3089 uti
1278 3036 1332 3103 ...]

103 3122 182 3192 „Der
199 3121 282 3175 Sonat
299 3121 348 3174 hat
366 3121 422 3175 sich
440 3121 520 3174 dalrin
538 3121 755 3191 ausgesprochen‚
776 3138 804 3174 es
819 3123 882 3175 sollo
898 3123 966 3176 ...“.
986 3152 1019 3161 —
1039 3123 1202 3192 quicumque
1218 3125 1332 3192 prooiro·

102 3212 177 3266 ciam
195 3212 342 3279 obtinebit]
362 3254 377 3279 ,‚
384 3211 429 3264 der
440 3211 612 3280 jedesmalige
625 3211 817 3264 Statthalter“.
833 3241 867 3249 —
885 3211 959 3280 quod
974 3211 1019 3277 (=
1032 3214 1181 3280 querutum)
1195 3212 1333 3268 commodo

101 3300 188 3368 (Abi.)
205 3301 377 3369 reipublicae
394 3299 486 3366 fucere
500 3301 605 3368 posset]
632 3301 744 3367 „soweit
767 3317 796 3353 er
815 3317 842 3353 es
861 3301 928 3353 ohne
946 3299 1070 3354 Nachteil
1087 3301 1129 3353 fiir
1147 3302 1217 3366 (zum
1235 3302 1333 3355 Besten

102 3389 151 3442 des
168 3389 222 3454 ...)
303 3389 370 3442 thun
388 3389 517 3443 konnte“.
543 3416 576 3426 -
599 3389 794 3456 Haeduorum]
817 3389 856 3442 ist
874 3389 984 3442 welcher
998 3387 1130 3444 Genetiv?
1156 3419 1190 3430 -
1212 3407 1270 3446 uon
1287 3408 1334 3458 ue·

100 3478 231 3546 pleplere]
256 3477 354 3544 „nicht
378 3478 546 3546 ungeahndet
570 3478 690 3532 lassen“.
730 3478 786 3532 Das
808 3478 889 3531 letate
908 3477 1041 3547 Sataglied
1066 3479 1105 3533 ist
1127 3480 1163 3532 im
1181 3480 1333 3534 Deutschen

102 3567 196 3620 weiter
214 3566 280 3620 oben
298 3567 501 3621 einzuschalten.
584 3556 588 3562 ⁶
672 3549 678 3560 ⁶

176 3655 256 3723 Κίρ.
282 3654 333 3712 bb.
376 3668 397 3709 ι.
421 3656 472 3724 qur'
493 3655 636 3724 utcieeeut,
659 3671 727 3724 quos
749 3655 888 3723 eruerent]
914 3655 982 3709 nach
999 3654 1061 3710 Anl.
1080 3654 1112 3710 Α.
1141 3683 1171 3693 -
1203 3658 1332 3725 quemad

101 3744 217 3800 morbum
234 3743 289 3812 oie]
310 3744 398 3812 „nach
416 3745 518 3799 deinem
536 3745 691 3798 Belieben“.
713 3772 745 3781 —
765 3745 847 3812 atter]
867 3745 932 3812 „ein
951 3744 1063 3812 zueiter,
1082 3745 1221 3818 anderer“.
1241 3775 1276 3785 -
1293 3743 1334 3800 ud

168 3832 330 3901 arborium]
351 3834 437 3899 „nach
456 3832 646 3888 Gutddnlren“.
667 3861 700 3872 ·-
719 3835 856 3902 imperare
874 3834 1013 3901 eeueueor]
1032 3834 1100 3887 nach
1117 3832 1178 3888 Aul.
1197 3833 1226 3888 C.

178 3932 204 3975 a.
221 3922 420 3990 praescribere]
444 3922 512 3976 nach
529 3921 590 3976 Anl.
609 3921 642 3976 U.
671 3951 703 3960 -
731 3922 867 3989 uteretur]
892 3922 1014 3990 (Subjekt
1041 3923 1078 3976 ist
1102 3924 1227 3991 poputus
1244 3923 1334 3989 Rom.)

103 4010 172 4064 nach
190 4011 252 4064 Aul.
270 4010 296 4064 U
314 4027 341 4064 u.
359 4010 393 4064 N.
418 4039 452 4050 -
476 4012 509 4065 tu
526 4027 577 4066 suo
595 4011 670 4078 r'ure]
688 4011 719 4064 r'u
736 4010 811 4079 giebt
829 4010 876 4064 das
896 4009 990 4065 Gebiet
1008 4027 1056 4078 an,
1075 4011 1122 4064 auf
1138 4010 1197 4065 dem
1215 4011 1257 4064 die
1274 4010 1332 4064 seo-

103 4116 173 4167 rung
191 4098 360 4166 stattfindet3
388 4100 448 4154 wir:
468 4100 518 4166 „in
536 4100 583 4153 der
599 4099 747 4168 Ausdbung
764 4099 849 4153 seines
867 4098 1019 4166 Rechtes“;
1047 4099 1095 4153 der
1113 4100 1174 4152 Satn
1192 4099 1258 4153 lent
1276 4099 1333 4154 sich

104 4189 141 4242 im
158 4188 314 4242 Deutschen
331 4187 421 4243 besser
439 4189 511 4242 aktir
529 4189 621 4257 geben.

177 4290 202 4331 ³.
222 4277 286 4332 belli
304 4276 430 4346 fortuna]
448 4277 536 4330 istim
549 4277 699 4331 Deutschen
718 4277 772 4330 ein
791 4275 880 4330 Subst.
903 4305 934 4314 -
954 4277 1038 4331 urente
1053 4277 1199 4346 eorrpreasr']
1218 4277 1334 4330 ntmlieh

103 4381 194 4422 seeum
208 4371 309 4422 esseut:
326 4366 403 4432 „sich
410 4365 523 4420 mitihm
532 4366 828 4436 geschlagenhdtten“;
844 4365 928 4420 armis
942 4366 1016 4419 steht
1029 4366 1077 4420 wie
1082 4367 1192 4434 proelio
1199 4365 1266 4435 Kap.
1274 4367 1298 4433 1,
1306 4367 1335 4421 4.

155 4455 212 4509 Iun.
227 4454 304 4509 Cass.
319 4453 397 4508 an.
412 4453 492 4510 Gnn.
519 4454 541 4509 Ι.
1101 4454 1119 4507 4
