3134 4922
515 411 613 468 Comm.
632 411 663 479 V,
682 429 704 467 o.
723 413 838 467 28-31.
987 469 991 476 ,
1237 411 1289 473 1ΰῖ

80 590 142 638 nem
174 575 397 655 perventuros;
433 573 460 636 si
496 572 600 638 Gallia
635 573 737 638 omnis
774 592 847 638 eum
882 572 1051 638 Germanis
1086 575 1288 653 eonsentiret,

80 696 134 742 une
161 696 228 743 esse
263 679 295 742 in
325 678 486 743 eeleritate
521 679 658 762 positam
692 680 839 744 salutem.
890 679 1003 745 Cottae
1031 681 1161 763 quidem
1192 684 1312 763 etquer

79 803 184 861 eorum,
208 786 264 867 qni
286 785 502 861 dissentirent,
526 785 692 850 eonsilium
717 803 813 867 quem
842 785 959 850 hebere
989 787 1132 850 exitum?
1162 787 1195 850 in
1226 805 1288 869 quo

80 892 101 954 si
125 909 184 954 non
212 909 364 974 praesens
394 891 587 975 perieulum,
618 894 652 956 at
680 893 765 956 oerte
796 891 970 974 longinquo
997 893 1157 958 obsidione
1187 893 1287 958 fames

79 999 151 1061 esset
172 997 323 1062 timenda.

153 1103 220 1168 Heo
243 1105 277 1169 in
300 1105 617 1188 utramquepartem
641 1105 857 1188 disputatione
887 1105 1012 1182 habits,
1043 1124 1116 1170 oum
1146 1124 1165 1170 e
1193 1105 1340 1171 Cotuato

77 1211 236 1292 primisque
269 1210 429 1276 ordinibus
468 1211 581 1275 aeriter
617 1211 833 1288 resisteretur,
870 1211 1047 1288 ,‚vinoite“,
1080 1211 1200 1292 inquit,
1235 1259 1252 1288 „
1260 1212 1287 1275 si

77 1317 114 1380 ite
134 1318 262 1394 vultis“,
287 1317 433 1394 Sabinus,
457 1319 490 1382 et
512 1317 544 1381 id
568 1318 699 1383 olariore
723 1337 814 1394 voee,
837 1319 876 1381 ut
897 1336 1016 1399 magne
1043 1337 1118 1401 pers
1145 1318 1287 1382 militum

77 1423 242 1498 exaudiret3
267 1442 392 1504 „neque
415 1424 443 1487 is
468 1429 573 1500 sum“,
596 1425 710 1506 inquit,
734 1425 814 1506 „qui
837 1424 1023 1506 gravissime
1047 1442 1084 1488 er
1099 1425 1187 1490 vobis
1202 1443 1312 1488 mor-e

77 1529 110 1592 tis
130 1530 268 1612 periouio
291 1532 427 1604 terream
451 1531 485 1593 hi
508 1530 650 1613 sapient:
675 1531 702 1594 si
725 1531 853 1612 gravius
878 1531 955 1612 quid
979 1530 1143 1607 desiderit,
1175 1531 1230 1594 abs
1253 1533 1286 1594 te

76 1636 216 1700 rationem
239 1639 421 1719 reposeent3
446 1639 510 1718 qui,
534 1638 639 1720 siper
662 1640 695 1702 te
718 1638 821 1714 lioeot,
844 1637 1016 1721 perendino
1047 1636 1096 1701 die
1120 1656 1193 1700 oum
1215 1655 1312 1720 pro-o

76 1743 153 1806 rimis
186 1743 329 1808 hibernis
364 1743 524 1808 ooniunoti
553 1763 754 1809 communem
795 1763 869 1808 oum
904 1743 1035 1825 reliquis
1070 1744 1146 1808 belli
1175 1762 1287 1807 oenum

77 1851 250 1927 sustineant,
274 1868 338 1914 non
360 1850 469 1915 reieoti
493 1853 525 1914 et
548 1851 681 1933 relegati
704 1852 796 1932 longe
820 1851 860 1914 ab
884 1851 997 1915 ceteris
1028 1854 1086 1914 eut
1116 1849 1198 1914 ferro
1230 1851 1286 1914 sut

77 1953 145 2020 fene
167 1957 353 2021 intereant.“

151 2062 362 2146 Consurgitur
385 2082 422 2128 ex
446 2064 592 2138 oonsilio;
616 2062 890 2147 comprehendunt
919 2066 1092 2145 utrumque
1123 2065 1155 2126 et
1185 2064 1285 2138 orent,
1297 2066 1338 2127 31

77 2186 107 2232 ue
127 2188 181 2234 sua
203 2170 400 2234 dissensione
425 2172 457 2234 et
479 2171 655 2252 pertineoie
677 2188 746 2234 rem
767 2171 799 2234 in
816 2188 980 2233 summum
995 2169 1174 2252 perieulum
1189 2168 1287 2233 dedu-

76 2380 204 2435 ronderlieh
224 2381 378 2436 sohlimm“.
402 2411 436 2422 -
464 2382 617 2436 mentm
697 2381 852 2450 dissentire]
873 2380 1109 2449 „einrerstenden,
1128 2380 1164 2433 im
1182 2378 1287 2432 Einver·

76 2470 180 2524 sttndnis
263 2469 372 2524 enderer
389 2467 504 2524 Ansieht
527 2469 615 2524 soin“.
644 2499 677 2508 —
705 2471 783 2526 sohte
804 2471 898 2539 positu
916 2475 956 2524 eet
973 2470 1006 2522 iu
1024 2470 1077 2523 ttae
1094 2467 1135 2536 re]
1164 2468 1289 2535 „hiereuf

71 2547 158 2612 'beroht
174 2559 216 2614 die
233 2559 364 2628 Rettnng,
383 2558 523 2612 hierdureh
540 2559 580 2612 iet
596 2558 718 2626 Rettung
736 2575 768 2612 ru
786 2558 903 2612 finden“.

135 2660 158 2701 r.
175 2646 298 2717 quidem]
317 2649 387 2702 sotrt
405 2647 452 2701 der
468 2647 591 2700 Lateiuer
608 2647 690 2700 diters
708 2647 798 2700 hinter
815 2646 858 2700 ein
877 2645 961 2713 Wort,
980 2663 1025 2700 um
1043 2663 1072 2699 es
1090 2645 1165 2700 reoht
1182 2645 1286 2700 hervor-

75 2734 188 2803 ruheben3
205 2737 255 2790 wir
273 2740 379 2790 meissen
396 2752 447 2790 uns
464 2736 516 2789 mit
533 2735 637 2789 starker
654 2735 795 2804 Betonung
813 2736 959 2804 bogndgsn
979 2765 1013 2774 -
1039 2735 1141 2802 oritus]
1159 2734 1198 2788 ist
1215 2733 1285 2788 eines

75 2838 115 2876 ren
126 2823 172 2879 don
184 2824 304 2892 werten,
323 2824 405 2880 duroh
419 2824 515 2879 welche
529 2866 545 2892 „
551 2823 639 2893 Fulge,
654 2823 776 2893 Folgen“
796 2826 895 2878 ersetzt
906 2823 979 2878 wird.
1000 2851 1033 2862 --
1053 2825 1084 2877 in
1098 2823 1162 2892 quo]
1177 2822 1231 2876 Der
1247 2837 1287 2875 re·

74 2909 141 2965 lutire
152 2912 297 2968 Ansehluis
314 2912 352 2968 ist
370 2913 542 2983 eufrugobon;
562 2913 594 2968 to
611 2914 661 2968 hoc
679 2913 794 2969 esuritio
809 2913 967 2982 perieulum
986 2911 1136 2966 diruendum
1156 2915 1195 2965 cst
1214 2927 1286 2977 „von

74 2997 157 3056 desem
174 3001 258 3056 Plane
276 3001 357 3056 droht
375 2999 503 3057 Gefehr“.

132 3087 207 3158 Καὶ).
227 3089 279 3147 30.
320 3103 342 3144 1.
361 3090 393 3144 tn
410 3095 558 3158 utumque
572 3095 685 3159 portem
698 3089 916 3160 disputationem
928 3087 1038 3156 tobm]
1057 3088 1125 3155 „hin
1138 3086 1193 3140 und
1206 3087 1286 3141 wider

74 3177 204 3246 suerum
221 3179 317 3247 brings
336 3179 389 3233 hae
403 3195 449 3232 zur
464 3177 593 3247 Geltung!
619 3177 681 3232 Setz
696 3178 764 3232 nseh
776 3177 838 3232 Aul.
848 3175 901 3232 w.
921 3207 955 3216 -
977 3175 1115 3244 reserere]
1129 3174 1191 3230 Anl.
1203 3175 1236 3229 U.
1251 3204 1285 3214 -

74 3266 172 3335 mdiu]
196 3284 249 3336 „so
275 3267 394 3321 behaltet
418 3266 487 3321 denn
509 3266 617 3320 reoht!“
644 3294 676 3304 -
703 3271 730 3321 et
748 3266 788 3334 id]
814 3283 835 3319 s.
854 3271 935 3334 utque
953 3264 984 3319 td
1002 3264 1068 3335 Knp.
1088 3265 1113 3332 1,
1132 3264 1158 3318 2.
1184 3294 1217 3302 —-
1240 3279 1285 3319 eet·

73 3354 182 3425 audet]
199 3355 263 3411 Anl.
281 3353 315 3410 N.

135 3456 156 3499 r.
178 3462 237 3502 non
263 3446 290 3500 ts
312 3461 381 3512 oum,
407 3444 456 3514 qui
477 3443 593 3510 urerer]
622 3443 686 3510 „ioh
708 3443 754 3497 bin
773 3459 801 3496 es
824 3442 906 3509 moht,
935 3441 980 3495 der
1004 3441 1060 3494 sieh
1082 3440 1227 3496 ffirehtst“.
1252 3470 1285 3480 -

73 3529 167 3601 iuuit]
184 3535 224 3589 oft
242 3557 278 3579 =
298 3533 392 3602 „fdhrt
409 3550 439 3587 er
457 3533 540 3587 fort“.
565 3562 599 3572 -
622 3532 652 3586 ut
670 3531 794 3601 sapient]
814 3530 850 3584 Er
867 3528 957 3596 meint,
977 3529 1019 3583 die
1037 3528 1163 3584 Soldeten
1180 3530 1286 3584 wdrdon

73 3622 157 3688 opiter,
176 3640 252 3678 wenu
271 3622 318 3676 des
336 3621 457 3690 ngliiok
474 3620 711 3690 hereingobroohen
729 3621 775 3687 sei,
795 3620 837 3673 ein
854 3617 985 3673 Einsehen
1002 3618 1096 3685 haben,
1114 3635 1167 3672 wer
1183 3619 1227 3674 bei
1239 3619 1286 3675 der

73 3705 196 3780 Beretung
213 3711 258 3765 ihr
275 3710 370 3764 Bostee
388 3710 496 3779 gewollt
513 3709 588 3764 habe.
607 3739 644 3749 —
660 3708 746 3776 ratio]
766 3706 1009 3776 „Reohoneeheft“.

136 3811 158 3853 o.
175 3800 226 3868 oui
298 3799 466 3866 motmunt]
482 3799 619 3866 „kdnnten
632 3798 670 3852 sie
684 3797 750 3854 doeh
765 3797 889 3851 ...trote
903 3795 1021 3850 bietsn“.
1036 3825 1070 3834 -
1084 3811 1137 3865 per
1158 3813 1199 3850 me
1212 3796 1286 3864 lieet]

74 3883 131 3947 ‚reu
146 3887 199 3941 wer
217 3904 246 3941 es
263 3888 432 3955 nauseae.
450 3914 485 3924 -
503 3886 680 3955 comm]
700 3888 800 3940 emen
814 3868 910 3939 onds
924 3883 1040 3938 nevero!
1060 3913 1094 3922 -
1112 3884 1176 3939 eurr
1194 3885 1286 3952 eamr]

73 3969 113 4025 des
125 3972 262 4030 Eintreten
283 3975 329 4030 des
348 3974 457 4045 Kriegee
479 3999 515 4020 ==
533 3974 602 4042 „der
621 3975 785 4030 sintretende
803 3973 914 4042 Krieg“.
934 4001 969 4011 -
994 3988 1052 4026 nors
1136 3972 1285 4042 intereunt]

73 4055 124 4114 Aul.
133 4060 158 4116 N
164 4060 174 4092 ¹
186 4062 244 4119 NB.
255 4093 289 4102 -
302 4063 406 4132 triadi,
418 4063 547 4133 rekqati]
556 4063 593 4118 Er
601 4063 673 4118 wirit
681 4063 740 4118 dem
753 4062 838 4117 Kotto
850 4079 904 4130 vor,
919 4060 977 4115 deis
989 4077 1018 4115 er
1031 4060 1074 4114 die
1086 4059 1286 4116 Monnsehetten

74 4150 187 4206 rorrtoiee
201 4153 256 4207 und
268 4153 407 4208 verbanno.
422 4183 456 4193 -
474 4151 593 4221 ferrum]
611 4152 650 4206 iet
666 4152 695 4206 in
713 4151 799 4206 dieser
811 4150 985 4219 Verbindung
1001 4149 1090 4203 dblieh
1107 4149 1150 4202 fdr
1164 4149 1286 4219 eladius.

135 4237 210 4309 Κιρ.
228 4241 278 4297 31.
319 4253 341 4295 1.
361 4241 539 4310 morotius
556 4256 590 4296 ee
607 4238 733 4308 coneilio]
757 4239 850 4294 Meohe
868 4237 1013 4294 comitium
1032 4254 1091 4291 rum
1108 4236 1231 4306 Subjokt!
1252 4267 1285 4276 ——

73 4329 294 4399 molendae]
314 4331 378 4398 „bei
395 4330 442 4386 dor
459 4330 540 4386 Hund
557 4329 677 4384 fusseffl.
697 4357 731 4368 -
755 4334 847 4396 most,
865 4327 911 4396 ne]
928 4325 989 4382 nul.
1009 4325 1040 4391 Q.
1059 4357 1093 4367 -
1112 4326 1286 4395 pertinacia]

75 4412 251 4476 ‚tondunt
271 4449 306 4458 —
324 4434 380 4474 reon
397 4418 430 4474 ire
445 4419 603 4488 perieulum
621 4416 765 4484 dedomo]
785 4415 848 4484 „die
866 4415 936 4484 [nge
953 4414 1098 4484 gefdhrlioh
1115 4413 1253 4468 mechen“.
