3086 4920
235 373 290 434 286
727 373 767 428 Do
784 373 853 428 bello
872 371 971 430 Gallico

212 536 330 602 rHanc
358 554 470 600 rursus
493 534 583 600 XIII.
605 535 738 618 legionis
762 535 908 600 cohortes
932 537 1139 618 exceperunt,
1170 552 1253 616 quae
1285 551 1335 599 ex,
1357 531 1461 597 castris
1522 565 1523 572 ι

236 642 411 708 minoribus
435 642 568 706 eductae
592 661 666 706 cnm
687 642 759 706 Tito
783 641 889 708 Sextio
912 642 1018 724 legato
1042 643 1194 724 ceperant
1215 639 1461 721 locumsuperi·

212 768 334 815 aorem.
379 749 543 830 Legiones,
565 749 621 813 ubi
642 749 783 832 primum
804 748 973 832 planiciem
997 749 1182 831 attigerunt,
1205 746 1335 812 infestis
1359 747 1462 811 contra

212 857 345 921 chostos
369 855 468 937 signis
493 855 715 920 constiterunt.
759 855 1000 937 Vercingetorix
1030 856 1070 920 ab
1093 855 1253 920 radicibus
1278 853 1371 918 collis
1394 869 1460 916 suos
1523 859 1524 866 ’

236 962 322 1026 intra
344 961 537 1026 munitiones
561 961 695 1026 reduxit.
740 961 786 1026 Eo
810 961 861 1026 die
883 962 1002 1026 mihtes
1034 962 1111 1026 sunt
1138 961 1234 1044 paulo
1263 961 1375 1024 minus
1398 977 1460 1040 sep

237 1068 375 1152 tingenti
398 1067 579 1134 desiderati.

183 1180 226 1242 bt
327 1175 460 1240 Postero
487 1175 538 1240 die
561 1174 680 1241 (laesor
710 1175 854 1240 contione
885 1175 1039 1240 advocata
1065 1174 1283 1238 temeritatem
1312 1172 1460 1255 cupidita-
1524 1177 1525 1218 l

237 1284 367 1363 temque
402 1282 543 1346 mihtum
576 1281 797 1364 reprehendit,
832 1281 916 1363 quod
947 1281 1007 1346 sibi
1036 1282 1098 1364 ipsi
1124 1280 1371 1357 iudicavissent,
1405 1297 1459 1359 quo

237 1388 474 1471 procedendum
497 1390 554 1452 aut
579 1387 655 1469 quid
678 1387 838 1470 agendum
860 1386 1030 1465 adoretur,
1053 1406 1158 1469 neque
1181 1387 1271 1481 signo
1295 1385 1459 1469 recipiendi

239 1493 314 1558 dato
337 1493 556 1559 constitissent
585 1511 688 1575 nequo
720 1494 759 1558 ab
789 1493 926 1558 tribunis
955 1493 1097 1558 militurn
1126 1494 1306 1575 legatisque
1338 1490 1459 1557 retineri
1525 1559 1526 1586 ἶ

214 1601 427 1684 rpotnissent.
472 1599 642 1682 Exposuit,
678 1598 754 1682 quid
788 1599 942 1681 iniqnitas
971 1600 1033 1664 loci
1061 1601 1184 1683 posset,
1220 1599 1298 1681 quid
1327 1599 1395 1683 ipse
1423 1596 1459 1660 ad

238 1707 409 1773 Avaricum
433 1707 601 1785 sensisset,
631 1725 705 1770 oum
732 1706 800 1770 sinc
831 1706 911 1771 duce
943 1708 976 1771 et
1000 1705 1067 1770 sine
1091 1706 1238 1788 equitatu
1261 1704 1459 1788 deprehensis

237 1814 384 1879 hostibus
408 1814 603 1897 exploratam
625 1812 792 1878 victoriam
815 1812 1003 1890 dimisisset,
1031 1830 1072 1877 ne
1094 1831 1230 1895 parrum
1253 1812 1347 1876 modo
1371 1810 1459 1876 detri·
1526 1869 1527 1900 ,

214 1922 384 1985 omentum
407 1920 440 1984 in
463 1920 666 1984 contentione
689 1921 819 2002 proptor
841 1920 1045 2002 iniquitatem
1064 1919 1126 1984 loci
1141 1917 1308 1984 accideret.
1340 1917 1458 1997 Quanto
1526 1923 1527 1926 ’

239 2044 331 2109 opere
355 2045 465 2092 corum
481 2027 580 2091 animi
595 2025 851 2108 magnitudinem
867 2025 1089 2101 admiraretur,
1114 2043 1192 2107 quos
1207 2043 1272 2090 non
1288 2027 1458 2090 castrorum

238 2133 447 2210 munitiones,
469 2152 533 2198 non
557 2133 692 2198 altitudo
715 2131 849 2210 montiS,
871 2151 935 2196 non
957 2151 1070 2196 murus
1094 2132 1200 2215 oppidi
1222 2132 1352 2196 tardare
1374 2132 1459 2213 potu·
1527 2115 1528 2189 i

237 2239 332 2317 isset,
362 2242 453 2305 tanto
484 2257 576 2321 opere
605 2239 769 2304 licentiam
798 2240 1078 2321 arrogantiamque
1107 2237 1353 2322 reprehendero,
1381 2235 1458 2319 qnod
1527 2229 1528 2234 ’

238 2345 311 2428 plus
335 2365 368 2410 se
393 2363 491 2427 quam
512 2347 737 2430 imperatorem
768 2346 806 2410 dc
830 2346 962 2410 victoria
985 2348 1082 2428 atque
1106 2347 1193 2410 exitu
1216 2363 1326 2410 rerum
1349 2344 1458 2410 sentire

214 2451 473 2525 rexistimarent3
504 2471 564 2517 nee
593 2453 699 2517 minus
723 2472 756 2517 se
781 2453 820 2518 ab
843 2453 945 2517 milite
968 2453 1159 2518 modestiam
1183 2454 1215 2518 et
1237 2452 1457 2517 continentiam
1528 2446 1529 2538 i

240 2576 337 2640 quam
360 2557 513 2622 virtutem
537 2561 633 2640 atquc
657 2559 756 2623 animi
778 2559 1034 2642 magnitudinem
1057 2559 1245 2624 desiderare.

185 2668 229 2731 bd
327 2663 398 2728 Hac
426 2665 537 2729 habita
565 2665 709 2731 contione
740 2667 772 2730 et
803 2665 844 2730 ad
867 2669 1042 2732 extremam
1066 2667 1241 2731 orationem
1272 2663 1456 2731 confirmatis

313 2933 335 2975 a,
354 2918 463 2986 dabatis
481 2926 580 2976 contra
597 2923 684 2976 bostar
709 2922 797 2990 signis
821 2922 1016 2990 cometarum]
1042 2921 1124 2975 Einen
1148 2921 1311 2975 besondercn
1331 2917 1455 2974 husdruch

238 3009 281 3063 liar
300 3009 403 3076 „Frout
420 3010 549 3064 macheu“
568 3010 617 3064 hat
636 3011 682 3064 der
699 3011 822 3065 Lateiner
839 3010 921 3064 nicht.

309 3106 388 3175 Kap.
405 3107 452 3163 52,
488 3121 510 3163 ι.
529 3108 602 3178 quod
621 3109 749 3177 sibiipsi
768 3108 979 3175 iudicavissent]
998 3108 1089 3175 Dariu,
1109 3107 1167 3162 dass
1186 3107 1223 3162 sie
1242 3107 1299 3161 sich
1317 3107 1397 3160 selbot
1412 3104 1454 3156 das

238 3195 325 3250 Urtcil
353 3198 515 3265 anmaisten,
548 3197 632 3266 aeigte
660 3197 715 3252 sich
742 3198 807 3252 eben
834 3197 891 3251 ihre
918 3197 1006 3251 blinda
1032 3197 1223 3258 Ieidenachalt.
1252 3226 1287 3236 —
1315 3190 1453 3259 adderam]

238 3284 305 3356 Kap.
323 3286 367 3354 44,
386 3285 412 3340 4.

313 3395 335 3437 2.
355 3383 492 3453 exposuit]
510 3384 547 3438 Er
564 3385 613 3438 hat
632 3385 673 3438 die
686 3383 806 3452 Absicht,
826 3385 862 3439 sie
876 3384 951 3438 nicht
964 3401 1015 3437 nur
1028 3401 1060 3437 aa
1074 3384 1201 3451 scholteu,
1221 3383 1335 3438 sondern
1348 3383 1383 3436 sia
1395 3379 1452 3434 anch

239 3487 271 3523 cu
290 3473 399 3525 trdstcu,
426 3472 542 3526 Desholb
561 3473 626 3526 hebt
644 3490 672 3527 er
691 3473 732 3526 dic
750 3473 907 3542 Bedcutung
925 3473 971 3526 der
989 3473 1167 3542 ungiinstigen
1182 3472 1306 3540 Stellung
1324 3469 1453 3526 besonders

238 3559 338 3614 horror.
383 3561 479 3615 Dieson
506 3563 684 3630 uugiinstigen
710 3562 910 3616 Vorhdltnisssn
936 3563 1031 3616 hittcn
1059 3563 1097 3616 sie
1129 3562 1185 3616 sich
1212 3562 1292 3630 higen
1324 3561 1376 3615 und
1402 3559 1453 3612 ihre

238 3647 395 3719 Kampflust
411 3651 578 3706 iiberwindeu
595 3657 709 3705 missen.
745 3651 782 3704 Er
800 3651 916 3705 erinnert
934 3652 987 3718 sie,
1005 3653 1053 3706 wie
1071 3669 1099 3706 es
1117 3652 1172 3706 ihm
1191 3651 1294 3705 damals
1316 3651 1358 3706 bei
1374 3646 1452 3704 Arari·

239 3736 302 3790 kum
320 3741 425 3792 aumute
443 3757 560 3808 gewosen
579 3740 630 3806 sei,
655 3757 693 3794 wo
712 3757 805 3794 araus
823 3740 950 3809 gleiohem
969 3739 1076 3795 Grande
1095 3741 1140 3794 aul
1157 3741 1206 3794 den
1231 3757 1261 3793 sc
1285 3740 1384 3794 sioharn
1400 3735 1451 3802 siae

238 3825 320 3880 lieber
344 3827 486 3881 verzichtet
510 3828 593 3882 hitto.
621 3857 658 3868 -
684 3829 880 3884 detrimentum
906 3829 1022 3898 oceidit]
1051 3831 1114 3898 „cin
1138 3829 1248 3883 Verlust
1274 3829 1340 3883 wird
1365 3824 1451 3881 herbei-

238 3915 373 3982 gofiilrrt“.

312 4026 335 4067 3,
355 4014 444 4067 ocimi
461 4014 638 4085 magnitudo]
658 4014 870 4082 „Holdenmnt“.
890 4045 923 4053 -
943 4015 1067 4084 boeotia]
1087 4015 1330 4084 „Unbindiglxeit“.
1349 4043 1381 4052 -
1393 4011 1451 4080 plur

237 4103 337 4156 cartre
356 4102 389 4156 dc
406 4103 447 4170 re]
467 4106 570 4170 „etwas
589 4104 678 4158 besson
695 4104 842 4171 verstehen,
861 4104 987 4173 riohtiger
1005 4104 1182 4158 beurteilen“.

310 4212 333 4254 ι.
358 4200 502 4270 modestia]
525 4202 563 4254 ist
581 4200 727 4270 Gcgensatz
752 4218 785 4255 zu
809 4204 988 4272 acropoatia,
1013 4203 1069 4257 also
1095 4201 1351 4270 „Botmitisiglxeit“,
1375 4194 1449 4254 coab-

237 4289 335 4342 oeatc'a
354 4307 385 4343 cu
404 4291 527 4360 licentia,
546 4291 601 4344 also
620 4291 961 4360 „Selbstbesehrinkuug“.

308 4386 387 4455 Καὶ).
407 4387 457 4444 53.
501 4400 521 4442 ι.
547 4393 668 4442 marma
685 4389 786 4457 oratio]
811 4389 875 4444 Was
893 4390 1019 4445 bedoutot
1037 4390 1092 4444 dies
1108 4390 1177 4444 noch
1196 4389 1285 4444 ausser
1304 4388 1365 4457 „dis
1381 4383 1451 4439 letata
