3172 4922
558 395 655 452 Comm.
674 397 709 463 Π,
728 413 750 451 e.
769 397 884 452 31-33.
1299 398 1334 458 81

101 558 194 639 parte
219 556 325 634 tertia,
348 559 386 621 ut
407 559 522 640 postea
536 559 740 640 perspeetum
764 559 821 633 est,
845 559 947 622 aelate
971 562 1068 640 atque
1091 560 1125 622 in
1148 559 1260 642 oppido
1284 579 1332 625 re·

101 663 194 726 tenta
217 663 319 745 portis
341 663 509 747 patefactis
534 682 570 728 eo
593 662 643 726 die
666 682 744 745 paee
769 666 846 727 sunt
869 666 927 728 usi.

196 768 264 834 Sub
279 789 448 853 vesperum
464 769 581 835 Caesar
602 771 711 852 portas
735 769 841 834 olaudi
864 771 1046 853 militesque
1065 791 1103 836 ex
1118 773 1231 855 oppido
1248 775 1387 841 exireat

101 875 212 952 iussit,
243 894 284 941 ne
308 894 406 957 quam
427 878 525 941 noetu
548 875 696 959 oppidani
725 877 764 940 ab
792 878 948 941 militibus
975 878 1123 943 iniuriam
1147 880 1333 962 aeoiperent.

101 981 154 1045 Illi
179 983 257 1046 ante
279 982 372 1058 inito,
399 985 437 1047 ut
464 982 663 1047 intellectum
692 984 754 1060 est,
785 984 926 1060 oonsilio,
958 983 1040 1065 quod
1064 984 1224 1050 deditione
1246 986 1359 1050 saetas

100 1091 231 1153 nostros
253 1087 412 1171 praesidia
435 1088 627 1152 deduoturos
656 1091 713 1152 aut
742 1089 877 1170 denique
904 1091 1122 1172 indiligentius
1151 1100 1332 1157 servaturos

101 1194 315 1272 prodiderant,
337 1196 455 1278 partim
476 1214 550 1260 oum
569 1195 629 1272 his,
654 1213 735 1276 quae
750 1196 950 1260 retinuerant
966 1199 998 1261 et
1014 1198 1203 1274 eelaverant,
1227 1199 1333 1276 armis,

100 1302 224 1385 partim
248 1303 347 1366 sentis
371 1320 409 1366 ex
431 1303 546 1366 eortiee
567 1301 663 1366 *raetis
688 1304 744 1366 aut
760 1303 929 1367 viminibus
953 1303 1092 1381 intextis,
1116 1323 1198 1386 quae
1219 1305 1333 1382 subito,

100 1410 138 1472 ut
158 1409 315 1491 temporis
337 1408 492 1490 exiguitas
508 1408 700 1490 postulabat,
724 1408 860 1490 pellibus
877 1409 1074 1487 induxerant,
1098 1411 1194 1474 tertia
1217 1411 1332 1492 vigilia,

102 1534 167 1597 que
199 1515 332 1580 minime
363 1515 482 1580 arduus
513 1514 554 1579 ad
581 1515 707 1579 nostras
735 1515 929 1580 munitiones
958 1516 1130 1580 adscensus
1157 1517 1333 1594 ridebatur,

101 1622 253 1687 omnibus
278 1622 375 1705 oopiis
398 1622 563 1706 repentino
586 1639 624 1685 ex
639 1620 752 1704 oppido
769 1623 967 1704 eruptionem
982 1622 1135 1687 feserunt.
1171 1623 1358 1702 Celeriter,s

100 1731 140 1792 ut
165 1730 241 1793 ante
265 1727 384 1794 Caesar
406 1729 589 1811 imperaret,
611 1727 738 1809 ignibus
762 1728 990 1808 significatione
1013 1728 1099 1793 faeta
1123 1748 1160 1794 ex
1183 1731 1332 1812 proximis

101 1835 246 1899 castellis
277 1853 312 1900 eo
341 1853 530 1900 coneursum
561 1835 622 1910 est,
651 1835 894 1915 pugnatumque
918 1835 957 1898 ab
979 1835 1124 1900 hostibus
1148 1836 1194 1900 ita
1218 1838 1357 1902 aeriterr

102 1943 170 2019 est,
200 1943 239 2005 ut
267 1943 385 2006 aviris
408 1941 543 2006 fortibus
566 1941 599 2003 in
624 1942 766 2004 extrema
789 1959 844 2023 spe
868 1942 981 2006 salutis
1004 1942 1112 2023 iniquo
1135 1942 1202 2007 loeo
1225 1946 1335 2008 eontra

103 2066 172 2125 eos,
205 2048 262 2128 qui
285 2066 323 2112 ex
346 2049 429 2114 vallo
453 2049 660 2128 turribusque
682 2047 748 2111 tela
770 2047 924 2124 iacerent,
952 2049 1088 2130 pugnari
1112 2049 1233 2127 debuit,
1261 2069 1335 2115 oum
1423 2105 1426 2109 .

101 2155 137 2218 in
166 2172 235 2218 una
265 2154 385 2218 virtute
415 2155 516 2218 omnis
547 2171 618 2236 spes
649 2153 763 2216 salutis
786 2155 980 2218 consisteret.
1028 2153 1147 2220 Oooisis
1172 2156 1211 2220 ad
1233 2157 1359 2222 homi-s

100 2281 184 2325 num
208 2261 339 2326 milibus
364 2263 516 2342 quattuor
538 2260 653 2342 reliqui
675 2260 708 2322 in
732 2260 883 2342 oppidum
910 2261 1020 2325 reiecti
1048 2264 1132 2326 sunt.
1177 2263 1359 2328 Postridiee

102 2368 172 2432 eius
198 2367 262 2432 diei
285 2367 430 2432 refractis
453 2367 567 2450 portis,
591 2366 752 2430 numiam
777 2366 959 2431 defenderet
981 2387 1088 2444 nemo,
1117 2371 1213 2450 atque
1236 2370 1335 2435 intro-

101 2475 212 2538 missis
243 2473 400 2538 militibus
430 2473 548 2537 nostris
577 2473 749 2536 seotionem
780 2474 847 2537 eius
875 2474 982 2557 oppidi
1008 2475 1189 2539 universam
1217 2475 1335 2542 Caesar

102 2725 211 2779 the“.
239 2751 273 2760 -
298 2727 475 2791 perspectum
500 2721 552 2790 est]
579 2738 629 2788 „es
647 2721 737 2776 stellte
757 2721 812 2775 sieh
829 2721 957 2776 heraus“.
985 2751 1017 2760 -
1038 2739 1110 2791 paee
1128 2722 1246 2791 alimur]
1267 2724 1335 2792 „wir

102 2815 195 2868 haltan
212 2811 359 2866 Frieden“.

172 2903 255 2970 Kap.
283 2899 336 2955 33.
383 2913 404 2952 1.
432 2899 506 2953 entre
530 2899 573 2966 aa]
602 2899 788 2966 ‚‚veriassen“.
818 2928 852 2938 -
887 2899 1034 2968 oppidani]
1055 2900 1119 2967 „die
1141 2899 1333 2967 Einwohner“;

101 2993 197 3048 incola
214 2989 331 3044 breuoht
349 2985 377 3042 C.
396 2987 479 3041 nieht.
500 3017 532 3026 -
551 2988 689 3041 taiwrtam
707 2987 841 3057 accipere]
862 2987 1056 3055 „miishandelt
1074 2987 1208 3042 werden“.

176 3091 200 3134 ².
220 3074 297 3150 ante]
316 3077 411 3146 gebdrt
429 3093 461 3130 nu
478 3077 551 3131 inito
570 3077 696 3132 oonsilio:
715 3077 753 3130 aie
770 3077 865 3130 hatten
880 3077 959 3130 sehon
978 3077 1070 3131 vorher
1087 3077 1162 3131 ihren
1180 3065 1334 3132 Entsuhluis

101 3169 208 3238 gefal'st.
238 3197 273 3207 -
301 3173 335 3220 at
361 3166 529 3222 intonantem
558 3164 610 3234 est]
639 3166 708 3233 „wie
731 3183 760 3219 es
783 3166 840 3220 siah
868 3167 983 3234 neigta“.
1012 3196 1045 3206 -
1075 3166 1215 3220 deditione
1242 3166 1333 3234 facto]

101 3259 163 3313 Anl.
184 3257 219 3312 K.
239 3286 276 3295 —
290 3255 438 3326 prmside'o
456 3253 591 3310 demere
670 3255 791 3322 sanare]
819 3255 884 3322 „die
902 3255 1000 3309 Postan
1018 3255 1151 3309 einzieben
1231 3256 1334 3310 bosetzt

100 3347 227 3402 halten“.
245 3373 282 3384 —
300 3349 353 3398 aut
371 3343 500 3414 mue]
520 3344 606 3412 „oder
623 3344 816 3414 wenigstens“.
837 3373 869 3398 -,
890 3361 952 3399 enm
970 3345 1012 3399 bie
1025 3386 1031 3399 .
1042 3385 1066 3398 ..
1081 3343 1180 3411 armis]
1199 3344 1251 3399 den
1268 3345 1334 3398 eben

103 3439 160 3491 erst
177 3435 339 3490 orabbatem
358 3461 394 3472 ·-
412 3449 483 3502 petae
562 3433 728 3500 celaverant]
746 3431 807 3488 nnl.
826 3433 858 3486 Β.
877 3467 913 3477 -
931 3432 1028 3502 sontes]
1045 3433 1114 3486 noch
1132 3432 1266 3502 abhtngig
1284 3449 1334 3488 von

105 3541 180 3592 caeru
206 3523 279 3578 disse
300 3527 382 3577 senta
406 3522 466 3577 sind
491 3522 552 3576 tells
575 3537 609 3576 eor
626 3521 735 3578 oordtce
752 3521 840 3588 faeta,
865 3522 927 3575 teila
944 3521 1095 3576 viminibus
1114 3522 1226 3577 termas
1243 3521 1332 3588 faeta.

104 3613 184 3667 Dieee
201 3611 419 3680 Butengefloehte
441 3611 548 3665 wurden
571 3610 600 3664 in
623 3611 689 3664 aller
710 3609 767 3664 Eile
791 3610 917 3678 (sabito),
945 3611 1001 3664 also
1026 3609 1102 3665 nieht
1125 3611 1177 3664 mit
1194 3611 1240 3665 der
1258 3613 1335 3664 sonat

103 3700 300 3770 gowdhnliehen
324 3699 440 3769 Sergiult
464 3699 543 3767 (daza
567 3699 618 3768 gab
643 3715 672 3752 os
696 3699 772 3754 keine
798 3698 881 3767 Zeit),
905 3699 955 3752 mit
979 3698 1070 3752 Fellen
1094 3699 1248 3768 dberzogen.
1284 3698 1333 3752 Die

103 3791 196 3846 Worte
213 3795 249 3844 ret
322 3788 489 3858 pareatur
506 3788 658 3858 bagrlinden
675 3787 745 3842 blois
764 3787 812 3842 das
829 3789 927 3844 subita
947 3817 981 3826 -
1000 3787 1066 3858 guo]
1086 3787 1107 3855 Ι,
1123 3789 1148 3854 6,
1168 3788 1193 3842 1.
1221 3815 1256 3828 -
1284 3787 1333 3842 ad·

103 3879 225 3947 meroe]
244 3878 266 3946 1,
286 3879 330 3945 21,
348 3880 374 3932 1.
393 3905 427 3916 -
445 3877 502 3932 Das
519 3877 620 3932 sultano
636 3877 783 3948 repentino
802 3901 834 3920 ι-
853 3882 973 3946 repente.

177 3981 231 4024 eu.
246 3980 271 4022 4.
289 3967 422 4036 opertus
439 3967 607 4036 significatio
619 3965 663 4035 fit]
683 3982 732 4034 „es
746 3966 811 4020 wind
825 3966 867 4021 ein
880 3965 1067 4020 Fouerzeiehen
1081 3965 1229 4034 gegeben“.
1248 3992 1282 4003 -
1299 3969 1334 4020 ut

102 4059 198 4128 gehdrt
220 4073 253 4110 zu
272 4056 400 4127 paperem
424 4054 528 4112 debuit.
551 4083 586 4094 —
610 4055 642 4110 ia
659 4061 781 4110 anema
805 4071 853 4124 spe
875 4055 986 4123 salmis]
1005 4054 1041 4121 H,
1061 4055 1104 4120 27,
1123 4054 1149 4108 4.
1175 4082 1209 4093 —
1233 4053 1333 4122 inimo

101 4146 171 4217 loeo]
188 4147 226 4214 H,
244 4146 289 4212 23,
308 4145 334 4199 2.
353 4173 388 4184 --
407 4150 507 4200 eoam
524 4144 579 4212 eos]
598 4161 702 4214 „gagen
720 4143 840 4211 Ioute“;
860 4144 912 4212 rgl.
930 4143 967 4211 11,
986 4145 1029 4210 31,
1049 4144 1066 4197 6
1086 4143 1121 4197 ab
1140 4143 1191 4197 bis.
1213 4159 1332 4196 -vrmu

100 4237 123 4305 1,
142 4239 167 4306 9,
187 4237 214 4292 1.
235 4263 269 4274 ·-
288 4233 446 4300 mittere]
466 4233 638 4300 „berohen“.

175 4336 255 4380 t-t,
279 4322 329 4390 ud]
352 4321 438 4376 Wenn
456 4320 494 4376 ad
513 4345 548 4368 ε·
566 4321 690 4390 meta,
712 4321 811 4390 regiert
833 4335 862 4375 es
885 4321 979 4376 keinen
996 4320 1092 4375 Kaous.
1118 4349 1152 4360 -
1177 4317 1332 4386 defendere]

124 4412 291 4485 Gegenwebr
307 4410 434 4466 laisten“.
453 4438 488 4451 —-
505 4411 619 4479 noma]
637 4410 733 4479 gehbrt
746 4427 779 4464 au
791 4409 934 4466 militibus.
953 4439 986 4450 -
1005 4409 1088 4466 seatio
1104 4407 1250 4476 weverae]
1269 4407 1333 4476 „die
