3134 4922
260 393 312 454 tlt
751 395 791 448 De
807 393 876 448 bello
895 391 994 448 Gallim

260 573 386 637 quoque
410 556 478 620 loeo
507 554 689 619 faoiendum
720 555 821 629 esset,
850 554 1014 637 providere
1043 555 1190 637 possent,
1219 555 1385 618 iusserunt
1414 571 1481 635 pro·

259 661 417 740 nuntiare,
440 663 478 726 ut
500 661 729 744 impedimenta
758 661 975 741 relinquerent
1005 663 1103 743 atque
1133 662 1167 725 in
1197 661 1307 725 orbem
1337 659 1481 724 consiste·

234 771 339 833 irent.
387 766 478 847 Quod
502 766 669 832 eonsilium
692 767 754 831 etsi
776 767 810 830 in
835 765 989 832 eiusmodi
1012 785 1090 830 oasu
1104 765 1401 850 reprehendendum
1423 783 1480 828 non

235 877 325 951 test,
354 877 463 938 tamen
491 873 687 938 incommode
723 872 854 946 aooidit;
888 891 964 936 nam
999 875 1031 936 et
1064 872 1182 937 nostris
1212 871 1368 936 militibus
1399 889 1481 954 spem

259 981 375 1045 minuit
405 982 438 1044 et
465 981 574 1044 hostes
606 979 645 1044 ad
673 997 816 1061 pugnem
846 979 1014 1043 alacriores
1046 977 1164 1055 effecit,
1200 977 1287 1059 quod
1321 996 1384 1041 uon
1419 977 1481 1041 sine

234 1105 384 1150 ssummo
415 1085 527 1150 timore
559 1087 591 1150 et
621 1084 839 1168 desperatione
875 1085 907 1148 id
937 1084 1059 1149 laetum
1089 1084 1265 1148 uidebatur.
1318 1083 1482 1148 Praeterea

260 1192 383 1269 aedidit,
401 1191 485 1273 quod
499 1191 568 1256 fieri
583 1209 712 1255 neeesse
729 1192 807 1267 erat,
822 1192 860 1254 ut
875 1191 970 1272 vulgo
986 1191 1104 1254 milites
1117 1191 1156 1254 ab
1169 1189 1268 1272 signis
1282 1189 1482 1266 diseedereut

259 1317 404 1379 quaeque
429 1297 563 1378 quisque
588 1315 697 1362 eorum
713 1296 877 1363 oanssima
892 1296 1033 1373 haberet,
1058 1297 1097 1360 ab
1120 1296 1358 1379 impedimentis
1381 1299 1482 1380 petere

259 1407 355 1485 atque
380 1403 523 1486 adripere
546 1403 738 1486 properaret,
762 1403 899 1467 elamore
923 1406 955 1466 et
978 1403 1057 1468 fietu
1081 1403 1187 1466 omnia
1210 1404 1454 1486 eomplerentur.

205 1514 249 1575 34
347 1513 391 1574 At
414 1510 556 1575 barbaris
580 1509 747 1574 eonsilium
777 1527 839 1572 non
870 1507 981 1572 deluit.
1033 1508 1117 1572 Nam
1148 1508 1245 1573 duoes
1278 1527 1390 1573 eorum
1420 1510 1482 1572 tota

259 1619 325 1682 aoie
348 1617 553 1700 pronuntiare
587 1616 765 1691 iussemnt‚
795 1634 835 1679 ne
867 1615 937 1696 quis
968 1615 1007 1678 ab
1036 1616 1103 1679 looo
1135 1614 1329 1680 diseederet:
1359 1616 1483 1680 illorum

258 1743 327 1788 esse
362 1724 513 1806 praedam
550 1723 646 1803 atque
680 1721 744 1785 illis
779 1722 950 1797 reservari,
989 1739 1208 1802 quaeeumque
1244 1721 1380 1786 Romani
1417 1722 1484 1786 reli·

233 1832 418 1913 nquissent3
448 1829 579 1912 proinde
609 1828 715 1894 omnia
744 1827 777 1892 in
810 1828 942 1892 victoria
971 1828 1076 1909 posita
1106 1827 1335 1892 existimarent.
1387 1830 1483 1893 Erant

258 1939 292 2001 et
313 1937 432 2000 virtute
456 1938 489 2000 et
510 1953 645 2000 numero
667 1933 838 2017 pugnaudo
865 1952 967 2017 pares.
994 1961 996 1968 ι
1018 1934 1143 2011 Nostri,
1173 1935 1306 1998 tametsi
1336 1935 1375 1999 ab
1409 1935 1482 1999 duee

257 2045 291 2108 et
314 2061 332 2106 a
355 2041 483 2106 fortuna
507 2042 744 2118 deserebantur,
767 2043 875 2106 tamen
899 2059 1026 2105 omnem
1050 2059 1139 2123 spem
1163 2041 1277 2104 salutis
1302 2042 1335 2104 in
1366 2042 1481 2106 virtute

256 2149 432 2231 ponebant,
456 2151 489 2212 et
512 2148 658 2230 quotiens
689 2165 834 2229 quaeque
867 2147 978 2210 eohors
1006 2149 1222 2229 proourreret,
1253 2148 1293 2211 ab
1327 2166 1364 2212 ea
1396 2149 1482 2230 parte
1544 2193 1545 2200 ι

232 2273 392 2334 rmagnus
416 2272 567 2318 numerus
580 2254 731 2319 'hostium
755 2253 899 2318 oadebat.
934 2251 1005 2330 Qua
1029 2271 1062 2317 re
1087 2253 1309 2319 animadversa
1325 2255 1482 2319 Ambiorix

256 2361 457 2443 pronuntiari
479 2361 576 2437 iubet,
599 2360 636 2423 ut
658 2360 769 2443 prooul
802 2360 867 2424 tela
897 2359 1055 2424 oonioiant
1083 2377 1147 2424 neu
1174 2359 1305 2443 propius
1334 2361 1483 2426 auoedant

231 2470 298 2544 set,
322 2485 419 2548 quam
448 2467 481 2530 in
511 2469 635 2550 partem
665 2466 801 2530 Romani
831 2467 987 2550 impetum
1017 2465 1163 2543 fecerint,
1193 2466 1311 2532 oedant
1341 2467 1481 2550 (levitate

257 2625 322 2678 alles
335 2625 514 2694 porsondeh‘fi
530 2653 562 2662 -
573 2624 774 2694 pronuntiare]
787 2624 853 2695 Kap.
864 2624 941 2692 31,4.
960 2624 1086 2678 Weshalb
1100 2625 1138 2677 ist
1152 2625 1194 2678 die
1207 2624 1285 2679 Form
1299 2626 1441 2696 auffullig?
1451 2655 1481 2665 -

255 2712 419 2782 relinquere]
437 2712 481 2780 IV,
503 2713 544 2779 15,
564 2714 588 2767 1.
609 2742 642 2752 -·
662 2713 694 2766 ta
711 2711 800 2767 orbem
818 2713 973 2780 westsere]
994 2730 1014 2767 s.
1035 2730 1067 2766 nu
1085 2713 1147 2768 orbe
1164 2713 1240 2779 farto
1259 2713 1305 2781 IV,
1324 2715 1368 2781 37,
1387 2715 1414 2768 2.

329 2815 342 2854 4
359 2819 382 2855 ιι.
398 2813 421 2857 o.
440 2797 607 2857 incommode
620 2801 735 2868 assidit]
750 2801 824 2869 giebt
837 2818 878 2866 an,
893 2817 947 2855 was
961 2801 1002 2855 fiir
1016 2801 1112 2870 Folgen
1123 2803 1184 2870 jone
1198 2801 1341 2871 Mossrsgel
1355 2803 1440 2857 hatte.
1451 2831 1481 2839 —
1542 2841 1543 2848 ι

255 2890 294 2944 ad
308 2906 436 2960 papatum
454 2888 558 2958 ubter]
577 2890 627 2942 ein
645 2888 784 2958 Adjelrtiv!

329 2992 352 3032 a.
371 2977 446 3048 quod
462 2979 523 3045 fieri
541 2993 646 3033 measse
664 2978 738 3045 erat]
756 2978 907 3032 bezeichnet
925 2979 996 3032 disse
1014 2979 1136 3032 welteren
1150 2977 1248 3048 Folgen
1267 2979 1307 3032 als
1325 2979 1481 3047 notwendig,

255 3067 395 3122 natiirlieh.
410 3102 445 3112 -
463 3067 554 3135 vulpe]
570 3066 799 3133 „allenthulben“.
817 3095 849 3105 -
869 3068 904 3121 ab
917 3067 1006 3137 siquis
1018 3066 1164 3136 dboedere]
1178 3066 1244 3137 Kap.
1261 3068 1340 3134 16,1.
1355 3097 1389 3106 -
1404 3082 1480 3137 puae-

255 3155 314 3226 que]
328 3179 363 3199 =
376 3160 403 3209 et
417 3172 493 3224 qaue.
509 3184 544 3194 -
558 3170 654 3210 curma
669 3160 694 3210 te
708 3155 805 3222 babeo]
828 3156 893 3222 „ioh
907 3155 975 3210 habs
989 3155 1049 3210 dieh
1062 3155 1123 3222 lieb,
1137 3155 1174 3209 du
1186 3155 1243 3209 bist
1256 3155 1307 3209 mir
1319 3155 1403 3210 lieb“.
1541 3201 1542 3204 ,

325 3242 404 3312 Kap.
423 3243 470 3300 34.
511 3255 532 3296 1.
552 3243 705 3312 aemilium]
724 3243 770 3310 IV,
788 3245 832 3312 21,
852 3246 876 3297 7.
902 3271 936 3281 —
965 3243 1048 3312 aem]
1068 3268 1103 3288 ==
1121 3243 1266 3298 emermtaas.
1297 3274 1331 3282 -
1360 3244 1479 3310 ιἸΙοινιιι]

255 3334 356 3386 lautete
374 3333 402 3385 in
421 3332 537 3386 direkter
554 3331 626 3386 Rode
645 3337 746 3386 vestra.
766 3362 799 3370 —
818 3333 967 3401 renovare]
987 3332 1193 3400 „verblsiben“;
1221 3332 1268 3386 das
1286 3332 1400 3402 Subjelxt
1419 3334 1479 3387 dxzu

255 3421 322 3488 liegt
339 3421 374 3473 im
393 3419 530 3488 folgenden
542 3419 727 3474 Relativsatze.
748 3449 781 3458 -
801 3422 908 3490 posita]
923 3421 990 3492 Kap.
1006 3422 1049 3488 29,
1065 3422 1089 3474 6.
1105 3449 1139 3460 —-
1161 3421 1364 3490 existimarent]
1383 3423 1480 3476 lautate

255 3509 282 3562 in
300 3508 417 3562 direkter
434 3508 505 3562 Rede
523 3501 685 3562 existimate.
1540 3499 1541 3510 ἢ

328 3608 352 3651 x.
372 3602 454 3652 erant
529 3596 687 3666 papaaam
700 3597 798 3665 parer]
817 3597 866 3652 Dia
884 3597 1024 3652 Eburones
1042 3602 1153 3651 utnon
1171 3598 1255 3652 einem
1275 3596 1385 3654 Galeeht
1402 3600 1479 3654 Mauo

253 3702 338 3755 gegen
355 3686 445 3739 Mann'
460 3685 519 3752 (das
544 3685 669 3739 bedeutst
682 3702 783 3755 pupae
801 3686 956 3755 sigontlieh,
985 3686 1040 3741 und
1058 3686 1143 3740 dieser
1161 3686 1263 3755 Begriff
1278 3687 1316 3742 ist
1333 3687 1419 3741 dureh
1437 3688 1479 3740 das

255 3773 417 3829 Gemndium
433 3773 501 3827 noch
520 3774 594 3827 mehr
611 3773 845 3843 hervorgehoben),
873 3775 920 3828 wie
947 3791 976 3828 es
994 3773 1129 3829 Ambiorix
1153 3777 1209 3829 eret
1228 3793 1260 3830 zu
1285 3775 1479 3844 beabsielxtigeu

254 3862 366 3929 sehoint,
385 3878 418 3915 an
433 3861 583 3932 Tapterlxeit
595 3862 655 3920 und,
665 3862 729 3916 Zahl
743 3863 896 3931 geuuehson
913 3880 1070 3932 genesen.
1106 3863 1157 3917 Die
1169 3863 1265 3918 Rbmer
1284 3865 1385 3918 hofften
1398 3864 1478 3918 durch

254 3951 296 4004 ein
315 3949 416 4004 solehes
435 3951 491 4004 sich
509 3952 576 4004 noch
594 3953 682 4005 retten
697 3968 729 4004 nu
742 3951 857 4019 kbnnom
876 3949 1011 4006 Ambiorix
1029 3953 1092 4006 eber
1109 3951 1169 4006 lials
1183 3952 1239 4007 diss
1254 3951 1365 4007 Gefeeht
1382 3952 1478 4006 seitens

254 4039 366 4093 seiuer
383 4038 464 4093 Ieute
483 4038 586 4092 alsbald
599 4039 754 4106 abbrsehen,
771 4039 841 4093 blois
859 4039 901 4093 die
914 4039 1010 4094 Rtmer
1027 4040 1163 4111 lxltmpften
1180 4041 1298 4094 wirklieh
1317 4040 1416 4108 weiter,
1435 4041 1478 4094 wie
1538 4107 1539 4112 ἵ

253 4127 301 4181 das
318 4127 450 4196 Folgende
468 4128 545 4197 xeigt.
574 4158 608 4166 —
636 4128 761 4197 quotieas
779 4128 912 4198 quamue]
933 4129 1071 4196 „allemal,
1090 4145 1164 4183 wenn
1182 4130 1239 4183 eine
1258 4130 1326 4182 ...“.
1356 4158 1389 4167 -
1414 4145 1477 4198 pre

253 4217 375 4285 emere]
395 4217 652 4286 „hervorbreohen“.
672 4242 706 4253 -
725 4217 760 4271 ab
779 4232 813 4270 ea
827 4217 923 4286 purte]
942 4218 989 4271 wie
1008 4219 1043 4273 ab
1062 4217 1149 4272 utere
1165 4217 1211 4284 IV,
1230 4217 1274 4285 26,
1292 4218 1319 4271 3.

326 4319 383 4361 au.
404 4318 429 4360 4.
444 4305 556 4375 proved]
577 4306 625 4374 „in
643 4305 710 4372 die,
729 4305 757 4359 in
775 4305 845 4373 der,
864 4323 922 4360 aus
941 4305 1117 4360 derFerne“.
1146 4334 1178 4342 -
1207 4306 1261 4360 tela
1280 4305 1414 4374 emisere]
1433 4305 1477 4370 IV,

252 4395 296 4462 24,
314 4395 339 4449 3.
364 4421 398 4432 ·-
424 4411 508 4465 quum
525 4394 558 4448 ia
570 4393 694 4463 partem]
713 4392 782 4446 Wir
800 4394 889 4463 brugen
907 4395 977 4448 hier:
1002 4392 1062 4447 wo?
1093 4423 1125 4432 -
1156 4393 1267 4449 lenitate
1285 4394 1439 4462 armorum]
1457 4411 1476 4446 s.
1537 4421 1538 4432 ι
