3172 4922
334 1166 761 1254 COMMENTARIUS
794 1165 1036 1254 suarius,

163 1482 244 1548 Cum
267 1485 302 1547 in
324 1483 454 1548 Italiam
476 1483 726 1566 proficisceretur
749 1481 876 1561 Caesar,
900 1481 1046 1547 Servium
1067 1481 1203 1546 Galbam
1226 1485 1332 1546 cuml

84 1590 193 1671 legione
209 1589 284 1654 XII.
308 1592 342 1656 et
363 1593 454 1673 parte
475 1590 639 1671 equitatus
654 1590 688 1654 in
703 1588 893 1667 Nantuates,
916 1588 1075 1670 Veragros
1093 1587 1300 1670 Sedunosque

85 1695 173 1773 misit,
208 1697 265 1777 qui
300 1715 320 1760 a
353 1697 468 1761 finibus
498 1696 705 1778 Allobrogum
741 1698 773 1760 et
806 1696 879 1760 lacu
907 1696 1070 1760 Lemanno
1102 1696 1135 1759 et
1169 1693 1300 1759 flumine

85 1801 225 1867 Rhodano
250 1803 293 1866 ad
317 1821 459 1866 summas
482 1802 578 1885 Alpes
602 1803 771 1886 pertinent.
817 1801 922 1868 (lausa
944 1800 1094 1866 mittendi
1115 1800 1192 1878 ierit,
1217 1800 1327 1882 quode

85 1907 137 1971 iter
158 1927 212 1991 per
226 1910 337 1992 Alpes,
362 1927 424 1990 quo
446 1927 563 1991 magno
587 1929 660 1974 cum
683 1909 822 1992 periculo
845 1908 1034 1990 magnisque
1059 1927 1132 1972 oum
1154 1907 1301 1990 portoriis

85 2017 274 2080 mercatores.
291 2015 336 2079 ire
361 2016 558 2092 consuerant,
581 2014 724 2099 patefieri
739 2015 874 2080 volebat.
904 2014 989 2079 Huic
1003 2014 1157 2098 permisit,
1180 2015 1208 2078 si
1224 2032 1327 2096 opuea

86 2137 145 2185 esse
167 2121 394 2199 arbitraretur,
421 2122 471 2185 uti
493 2122 526 2186 in
549 2121 599 2185 his
622 2121 699 2186 locis
722 2121 879 2203 legionem
903 2121 1064 2185 hiemandi
1087 2139 1185 2186 causa
1208 2120 1302 2185 collo·

85 2235 170 2291 caret.
215 2227 322 2294 Galba
346 2227 492 2293 secundis
517 2229 639 2310 aliquot
661 2228 787 2310 proeliis
815 2227 908 2294 factis
932 2228 1135 2310 castellisque
1160 2227 1325 2310 complu-r

85 2333 162 2398 ribus
184 2354 298 2399 eorum
321 2320 509 2418 expugnatis
532 2334 639 2398 missis
664 2335 703 2398 ad
727 2354 801 2399 eum
824 2335 964 2416 undiquc
987 2334 1103 2416 legatis
1128 2333 1304 2398 obsidibus·

84 2456 137 2518 qne
159 2441 241 2506 dctis
266 2444 301 2505 et
326 2459 404 2524 paco
433 2440 519 2505 facta
549 2441 715 2504 constituit
745 2442 889 2506 cohortes
919 2441 999 2505 duas
1028 2440 1061 2503 in
1084 2440 1302 2504 Nantuatibus

84 2546 224 2612 collocare
256 2550 292 2612 ct
322 2548 388 2631 ipse
419 2566 492 2612 oum
525 2547 656 2629 reliquis
687 2548 754 2612 eius
789 2547 923 2629 legionis
958 2547 1139 2612 cohortibus
1173 2547 1206 2610 in
1234 2547 1302 2611 vico

85 2650 302 2736 Veragrorum,
326 2655 381 2736 qui
403 2654 583 2736 appellatur
599 2653 787 2731 Octodurus,
811 2654 969 2728 hiemere3
995 2653 1153 2736 quiricus
1177 2653 1328 2737 posituss

84 2758 113 2820 in
133 2761 210 2825 valle
234 2779 301 2825 non
324 2779 440 2842 magna
464 2760 586 2825 adiecta
608 2761 741 2845 planicie
773 2760 938 2824 altissimis
968 2760 1130 2824 montibus
1161 2760 1302 2843 undique

84 2866 263 2931 continetur.
311 2866 393 2931 Cum
415 2867 467 2932 hic
489 2868 523 2931 in
546 2867 626 2932 duas
649 2869 755 2950 partes
779 2866 910 2931 flumine
935 2866 1142 2943 divideretur,
1167 2867 1329 2932 alteramo

84 3016 290 3028 Ἠ

620 3080 643 3160 Ι.
672 3079 761 3162 Tell.
1091 3155 1093 3161 .

368 3206 450 3268 zap.
469 3206 558 3257 1-e.
583 3233 616 3242 -
641 3206 767 3257 winter
785 3203 877 3273 orfea
896 3219 926 3256 v.
946 3204 1018 3256 cnr.
1116 3262 1118 3267 ,

147 3306 223 3379 Kap.
246 3311 277 3364 1.
319 3322 339 3364 ι.
358 3327 418 3365 cum
497 3309 727 3379 proficisceretur]
746 3308 807 3364 Anl.
825 3309 858 3363 D.
877 3339 913 3347 -
937 3323 1058 3364 sommae
1076 3307 1172 3378 Apes]
1198 3308 1305 3376 „Hooh-

84 3395 185 3466 alpen‘fl*
201 3428 236 3438 —
254 3396 407 3472 pertineat]
428 3399 492 3467 „ihr
511 3397 606 3453 Gebiet
623 3399 755 3452 erstreclrt
774 3397 830 3451 sich
837 3397 861 3452 “.

149 3498 171 3541 2.
190 3485 334 3556 mittenda]
352 3488 404 3558 vgl.
423 3506 455 3542 nu
474 3489 619 3543 coniurare
637 3487 672 3554 H,
691 3488 760 3554 1,1.
781 3517 815 3526 -
832 3487 941 3556 aragois
960 3503 1021 3541 econ
1035 3487 1182 3556 portoriis]
1206 3489 1306 3554 „untur

84 3571 256 3645 Entrichtung
275 3576 401 3631 schwerer
415 3577 515 3632 zolio&
534 3605 567 3615 -
586 3576 640 3645 ire]
660 3575 801 3643 ‚,zichen“.
823 3606 856 3614 -
875 3577 1054 3644 consuerant]
1072 3575 1133 3630 Anl.
1149 3575 1178 3632 C.
1198 3577 1305 3631 —iter

80 3663 244 3734 patefecere]
264 3664 327 3733 „die
345 3665 446 3720 Straise
464 3665 661 3720 erschlieisen“.

151 3766 172 3808 a.
195 3755 367 3824 permittere]
395 3753 645 3822 „anheimstellen“.
674 3784 708 3793 -
735 3753 877 3808 hiemandi
905 3753 1002 3821 caasa]
1030 3754 1148 3808 Benntze
1173 3753 1305 3821 „Winter-

84 3843 248 3909 quartiore“!

151 3946 173 3986 r.
198 3933 328 3989 eeucado
426 3931 603 4004 repugnatis]
628 3933 694 3987 nach
713 3925 773 3987 Aul.
791 3929 848 3998 K²;
874 3930 963 3988 miscio
1050 3929 1131 3996 facta
1157 3929 1247 3986 macho
1272 3947 1304 3984 zu

84 4017 275 4091 Hauptsitzeni
294 4021 364 4077 dann
381 4022 454 4076 fabre
471 4017 522 4076 mit'
541 4021 617 4089 „und
635 4021 737 4075 daher“
757 4021 816 4076 fort.
837 4049 871 4060 --
889 4017 1040 4087 secanam]
1059 4018 1111 4087 vgl.
1127 4036 1158 4072 uu
1172 4017 1306 4074 aulocrene

85 4104 103 4172 I,
121 4109 161 4176 18,
181 4112 223 4166 10.
243 4141 278 4150 -
296 4111 420 4179 camella]
439 4111 526 4179 „teste
544 4111 665 4165 Platno“.
693 4137 725 4148 -
750 4109 803 4177 qut,
818 4107 987 4180 appellator]
1012 4106 1046 4162 So
1063 4107 1134 4161 laun
1154 4106 1305 4175 „narnens“

85 4200 259 4255 umschriebeu
277 4201 388 4256 werden.

152 4301 175 4344 s.
200 4289 313 4345 adiecta
327 4289 462 4359 planicie]
487 4306 543 4356 „an
561 4287 608 4342 das
627 4287 683 4342 sich
701 4287 758 4366 eine
775 4285 863 4341 Ebone
887 4275 1071 4344 aneclilieist“.
1098 4313 1132 4327 -
1156 4283 1309 4352 contineri]

85 4373 104 4442 Ι,
122 4376 145 4445 1,
163 4377 188 4434 5.
1139 4368 1146 4391 ³
1269 4378 1273 4384 ”

134 4465 188 4523 Iun.
202 4466 279 4524 Cras.
293 4466 373 4522 an.
388 4465 467 4521 Genu.
500 4465 521 4520 1.
749 4533 751 4537 Α
1074 4463 1091 4517 7
