3086 4920
245 355 298 415 198
736 354 775 408 De
793 354 861 407 bello
880 351 979 408 Gallico

244 517 384 600 petistis,
407 515 622 581 facultatemz·
642 516 767 579 hostem
791 514 943 596 impedito
974 515 1071 595 atque
1101 512 1210 593 iniquo
1240 513 1309 576 loeo
1340 512 1475 586 tenetis;

219 624 404 706 rpraestate
427 623 563 688 eandem
585 623 676 686 nobis
700 621 833 685 ducibus
850 620 1018 697 virtutem,
1042 637 1139 701 quam
1163 637 1395 702 saepenumero
1418 619 1478 683 im-

243 729 381 811 peratori
403 729 626 812 praestitistis,
658 729 754 810 atque
786 727 878 791 illum
909 726 1019 790 adesse
1044 725 1177 790 ethaeo
1207 743 1316 790 coram
1347 743 1477 790 cernere

219 835 452 900 rexistimate“.
505 835 608 900 Simul
642 835 733 916 signa
769 834 808 898 ad
842 834 968 898 hostem
1003 832 1144 897 converti
1178 832 1345 913 aciemque
1382 831 1478 913 dirigi

242 942 331 1006 iubet
354 945 386 1006 et
408 942 518 1024 paucis
541 941 657 1006 turmis
682 939 838 1022 praesidio
862 939 902 1004 ad
924 938 1151 1021 impedimenta
1172 937 1312 1002 dimissis
1332 938 1476 1019 reliquos

218 1049 369 1130 aequites
393 1047 433 1112 ad
455 1049 558 1112 latere
581 1046 728 1129 disponit.
774 1045 928 1110 Celeriter
949 1045 1052 1109 nostri
1083 1045 1218 1108 clamore
1251 1045 1378 1108 sublato
1409 1045 1478 1127 pila

242 1155 275 1218 in
297 1154 405 1218 hostes
428 1153 616 1218 immittunt.
660 1152 728 1229 Illi,
759 1153 815 1217 nbi
837 1153 964 1234 praeter
994 1169 1099 1233 spem,
1129 1168 1208 1231 quos
1236 1150 1331 1214 modo
1362 1149 1477 1232 fugere

243 1260 427 1337 credebant,
451 1259 574 1324 infestis
599 1259 698 1342 signis
721 1259 761 1323 ad
785 1277 818 1322 se
842 1259 887 1322 ire
910 1258 1074 1334 viderunt,
1103 1258 1263 1339 impetum
1294 1255 1376 1320 ferre
1410 1276 1478 1320 non

242 1369 416 1449 potuerunt
439 1385 476 1431 ac
505 1366 607 1449 primo
635 1385 789 1430 concursu
820 1365 854 1428 in
882 1364 993 1447 fugam
1022 1363 1154 1428 coniecti
1183 1363 1344 1445 proximas
1375 1363 1477 1428 silvas

218 1473 411 1554 spetierunt.
450 1471 535 1550 Quos
551 1472 710 1536 Labienus
735 1470 882 1553 equitatu
904 1471 1105 1534 consectatus
1128 1488 1245 1552 magno
1268 1488 1404 1533 numero
1428 1471 1479 1534 in-

243 1577 389 1655 terfecto,
420 1578 635 1661 compluribus
659 1578 760 1660 captis
783 1577 892 1660 paucis
919 1578 992 1659 post
1015 1576 1125 1641 diebus
1150 1576 1313 1640 civitatem
1343 1577 1477 1660 recepit

243 1684 326 1749 Nam
350 1683 516 1762 Germani,
546 1685 601 1767 qui
631 1684 745 1748 auxilio
768 1684 955 1761 veniebant,
984 1685 1134 1765 percepta
1156 1682 1367 1747 Treverorum
1396 1681 1478 1765 fuga

217 1809 312 1856 ssese
336 1790 466 1856 domum
489 1792 686 1873 receperunt.
725 1789 807 1855 Cum
830 1790 880 1854 his
904 1789 1072 1872 propinqui
1095 1788 1314 1866 Indutiomari,
1340 1789 1397 1870 qui
1422 1789 1477 1854 de-

242 1896 385 1962 fectionis
416 1900 562 1962 auctores
593 1896 736 1973 fuerant,
766 1897 908 1960 comitati
938 1915 991 1960 eos
1021 1913 1059 1960 ex
1093 1895 1221 1960 civitate
1257 1898 1475 1960 excesserunt

218 2002 446 2086 sCingetcrigi,
470 2022 566 2086 quem
590 2004 628 2067 ab
652 2002 741 2066 initio
764 2003 976 2085 permansisse
1001 2002 1034 2065 in
1056 2001 1156 2066 officio
1173 2001 1476 2081 demonstravimus,

242 2097 437 2192 principatus
462 2113 559 2192 atque
582 2109 752 2192 imperium
776 2111 825 2172 est
848 2109 1012 2173 traditum.

211 2219 232 2279 9
331 2218 488 2296 caesar,
512 2219 682 2299 postquam
706 2234 744 2280 er
762 2216 918 2298 Menapiis
941 2215 974 2278 in
995 2216 1146 2280 Treveros
1166 2215 1261 2292 venit,
1285 2215 1413 2279 duabus
1437 2216 1475 2280 de

218 2321 346 2386 acausis
361 2322 511 2387 Rhenum
534 2323 669 2388 transire
693 2323 877 2397 constituit;
902 2341 1039 2403 quarum
1061 2342 1126 2387 una
1147 2325 1225 2401 erat,
1250 2322 1335 2404 quod
1354 2323 1474 2388 auxilie

242 2431 351 2494 contra
375 2448 407 2494 se
432 2430 574 2495 Treveris
597 2430 760 2504 miserant,
784 2430 955 2507 alterare
980 2429 1019 2493 ad
1043 2448 1095 2493 ecs
1119 2429 1282 2494 Ambiorix
1304 2431 1474 2512 receptum

217 2536 381 2601 shaberet.
433 2535 491 2601 His
522 2537 703 2600 constitutis
738 2537 833 2600 rebus
863 2536 996 2618 paulum
1026 2555 1123 2619 supra
1153 2555 1227 2600 eum
1255 2536 1378 2614 locum,
1410 2555 1472 2618 quo

237 2748 363 2817 peditus]
381 2748 413 2816 V,
430 2749 471 2814 19,
487 2748 510 2802 1.
530 2777 565 2786 -
584 2747 709 2818 enipeus]
728 2747 786 2800 Wir
803 2752 907 2802 miissen
926 2747 1102 2814 hinzusetnen,
1121 2748 1163 2801 tiir
1181 2763 1237 2801 wen
1255 2748 1303 2801 der
1315 2747 1407 2802 Boden
1426 2765 1470 2801 un-
1541 2791 1542 2822 ,

240 2836 350 2904 giinstig
366 2835 412 2890 ist.
432 2864 465 2874 -
486 2841 562 2891 teneo
581 2837 618 2905 te]
638 2836 695 2903 „du
712 2836 769 2889 bist
785 2835 814 2889 in
831 2836 931 2889 meinen
950 2835 1092 2890 Handen“.
1113 2863 1145 2874 -
1164 2836 1268 2904 coram]
1286 2836 1319 2903 V,
1339 2837 1382 2904 11,
1401 2837 1428 2891 2.

313 2938 336 2979 s.
355 2925 438 2994 siqua
452 2924 618 2993 convertere]
633 2925 711 2992 „sich
720 2925 858 2978 wenden“.
874 2955 907 2964 -
922 2925 1008 2980 ccum
1021 2924 1152 2994 diripere]
1168 2924 1216 2991 „in
1226 2923 1469 2992 Gefechtsstellung
1541 2927 1542 3020 1

240 3013 459 3067 auhnarscbieren
477 3014 599 3080 lassen“;
619 3031 669 3067 nur
686 3013 744 3067 hier
761 3031 811 3067 ron
830 3012 858 3068 C.
876 3013 1029 3081 gebraucht.
1055 3040 1088 3050 —
1112 3013 1267 3083 disponere]
1285 3013 1318 3081 V,
1340 3015 1381 3080 16,
1399 3013 1426 3067 4.
1541 3023 1542 3056 i

313 3113 336 3155 t.
356 3102 472 3156 clamore
490 3102 610 3169 subiato]
629 3102 703 3156 Baim
716 3102 819 3171 Beginn
837 3102 883 3155 des
897 3100 1013 3171 Angriffs
1031 3102 1144 3157 erheben
1163 3103 1205 3156 die
1218 3102 1316 3157 Rbmer
1333 3103 1375 3157 ein
1392 3101 1467 3155 Feld-

238 3190 363 3258 geschrei.
383 3219 416 3228 -
435 3190 510 3259 (eos),
528 3207 595 3259 quos
612 3190 690 3246 nwdo
771 3191 928 3258 credebant]
947 3190 1007 3246 Anl.
1022 3191 1056 3258 P;
1076 3191 1155 3246 modo
1171 3215 1205 3234 =
1221 3191 1418 3258 ,‚eben'noch“.
1431 3219 1464 3227 —

238 3277 349 3343 infestae
366 3278 464 3348 sienis]
488 3296 568 3345 „zum
586 3278 719 3347 Angriff“.
744 3310 776 3316 -
801 3280 930 3348 impetus]
949 3281 987 3334 ist
1003 3280 1061 3334 hier
1078 3280 1125 3334 der
1142 3283 1212 3334 erate
1231 3278 1338 3334 Anisus,
1363 3309 1394 3318 -
1419 3277 1464 3346 ae]

239 3366 285 3432 IV,
304 3369 347 3433 26,
367 3369 391 3420 1.
412 3397 445 3406 -
461 3367 565 3437 petere]
586 3384 639 3434 „zu
657 3367 790 3421 erreichen
809 3368 935 3422 suehen“.

313 3467 335 3507 a.
361 3456 498 3510 deitatem
520 3455 650 3524 racipere]
677 3457 740 3522 „cin
763 3455 837 3509 Land
860 3456 953 3510 wieder
976 3474 1022 3510 aur
1044 3457 1247 3526 Unterworfung
1271 3457 1407 3526 bringen“.
1428 3485 1461 3493 —

235 3544 379 3610 percepta]
398 3543 430 3610 V,
449 3545 473 3610 l,
493 3546 518 3599 8.
538 3573 571 3582 -
590 3543 672 3613 supa]
690 3544 722 3612 V,
742 3545 785 3612 17,
803 3545 829 3598 5.

312 3641 326 3686 8
342 3649 365 3685 u.
381 3644 404 3685 a.
424 3633 561 3702 erectores]
580 3657 614 3678 =
624 3633 769 3702 principes
783 3650 804 3688 s.
818 3632 885 3704 Kap.
900 3633 926 3701 4,
942 3636 966 3688 1.
983 3665 1016 3672 -
1036 3634 1158 3689 comitati
1171 3634 1227 3703 ecs]
1246 3635 1284 3689 ist
1298 3650 1407 3704 genam
1419 3633 1461 3686 ais

239 3736 301 3774 curn
323 3720 379 3787 bis,
402 3721 511 3774 welches
534 3723 575 3776 dio
593 3721 676 3776 blosse
695 3720 923 3791 Gleichzeitigkeit
940 3723 1070 3779 bedenten
1088 3724 1198 3778 kbnnte:
1227 3740 1391 3791 „zusammen
1409 3721 1460 3774 mit

237 3809 346 3863 ihnen“.
366 3835 400 3844 -
420 3809 451 3862 ia
469 3809 560 3876 officio
579 3808 748 3879 persuasere]
767 3811 799 3877 V,
818 3812 844 3878 3,
862 3812 889 3866 3.
909 3840 940 3850 -
957 3811 1150 3881 principatus]
1170 3812 1201 3878 V,
1221 3813 1246 3879 3,
1266 3813 1290 3867 2.

776 3954 813 4035 ΙΙ.
838 3953 926 4036 Teii.
1026 3981 1028 3988 ⁴

729 4070 828 4132 Καρ.
854 4072 975 4123 9-29.
1016 4090 1019 4098 ’

643 4171 665 4217 1.
686 4170 837 4219 Abschrritt:
863 4173 927 4228 na.
947 4171 1003 4220 eu,
1018 4173 1058 4221 10.

307 4269 384 4338 Kasp.
404 4269 433 4324 9.
477 4283 551 4324 1-4.
574 4270 716 4338 misereat]
736 4270 848 4340 Subjekt
866 4273 924 4326 sind
943 4273 997 4339 die,
1016 4275 1065 4342 qui
1085 4279 1164 4329 traua
1183 4274 1311 4330 Rhenum
1327 4271 1457 4338 mont,
1540 4323 1541 4334 ,

236 4358 291 4413 dac
306 4359 447 4414 Gomorra
467 4387 500 4400 -
519 4364 653 4430 receptum
673 4361 771 4416 babere
789 4361 827 4414 ad
846 4362 912 4429 alm]
932 4362 995 4429 „bei
1011 4362 1072 4431 jem.
1092 4363 1149 4417 eine
1163 4363 1285 4418 Zuflucht
1296 4361 1401 4416 findon“.
1417 4387 1455 4397 —
1540 4347 1541 4390 ³

1540 4447 1541 4498 i
