3134 4922
555 308 653 366 Comm.
673 311 705 376 V,
724 328 745 365 c.
765 313 879 367 22—24.
1280 317 1330 376 ldl

98 468 337 549 tranquillitate
361 471 539 546 consecuta,
563 471 702 535 secunda
725 472 807 536 inita
831 493 904 538 cum
928 476 1074 547 solvisset
1089 478 1205 560 vigiha,
1228 480 1331 563 prima

96 575 172 638 luoe
195 576 317 640 terram
341 575 449 657 attigit
471 595 644 658 omnesque
668 578 843 644 incolumes
866 599 963 646 naves
987 582 1141 664 perduxit.

191 683 395 746 Subductis
418 683 553 747 navibus
578 684 771 766 concilioque
805 685 971 751 Gallorum
996 687 1235 755 Samarobrivae
1259 695 1386 775 per-24

95 790 181 865 acto,
207 788 293 868 quod
316 807 352 853 eo
377 807 459 854 auno
482 789 679 855 frumentum
703 791 736 854 in
761 791 865 856 Galba
887 796 1017 876 proptor
1047 795 1205 860 siccitates
1230 816 1330 879 angu-

94 895 180 958 stius
215 897 422 977 provenerat,
457 898 584 960 coactus
618 898 668 960 est
703 897 796 961 aliter
831 917 867 962 ac
903 900 1116 982 superioribus
1148 903 1239 966 annis
1278 923 1330 968 ex·

93 1002 237 1066 ercitum
272 1002 306 1064 in
346 1001 488 1066 hibernis
530 1003 681 1085 collocare
721 1004 923 1085 legionesque
964 1005 997 1068 in
1037 1007 1144 1089 plures
1183 1009 1328 1074 civitates

93 1108 300 1172 distribuere.
346 1109 393 1171 Ex
424 1109 540 1189 quibus
570 1128 668 1174 unam
696 1110 729 1173 in
758 1111 898 1176 Morinos
928 1112 1106 1176 donandam
1130 1112 1209 1179 Gaio
1231 1115 1354 1181 Fabios

93 1215 204 1296 legato
228 1214 324 1292 dedit,
349 1216 484 1280 alteram
506 1215 539 1279 in
562 1215 695 1280 Nervios
720 1214 837 1295 Quinto
862 1217 1017 1295 Ciceroni,
1041 1219 1169 1284 tertiam
1192 1221 1226 1284 in
1248 1221 1330 1285 Esu-

93 1322 166 1385 bios
190 1321 290 1386 Lucio
313 1321 444 1396 Roscio;
469 1324 618 1403 quartam
640 1324 674 1386 in
697 1323 806 1387 Remis
836 1343 910 1388 cum
933 1324 1004 1388 Tito
1027 1325 1165 1390 Labieno
1192 1327 1226 1390 in
1256 1347 1330 1392 con·

92 1428 172 1491 finio
203 1429 413 1492 Treverorum
448 1428 589 1492 hiemare
619 1429 729 1503 iussit;
766 1431 831 1494 tres
865 1431 898 1494 in
926 1430 1037 1513 Belgio
1068 1433 1249 1498 collocavit:
1278 1435 1353 1499 hiso

93 1536 247 1599 Marcum
271 1535 425 1600 Crassum
449 1537 651 1616 quaestorem
682 1538 715 1600 et
744 1537 880 1600 Lucium
902 1537 1086 1601 Munatium
1109 1538 1265 1604 Plancum
1296 1543 1328 1606 et

94 1641 219 1706 Gaium
260 1642 452 1706 Trebonium
492 1643 614 1724 legatos
655 1641 815 1726 praefecit.
872 1643 978 1708 Unum
1021 1645 1197 1726 legionem,
1233 1665 1353 1728 quami

92 1748 240 1830 proxime
269 1749 359 1812 trans
383 1747 507 1812 Padum
531 1749 778 1831 conscripserat,
802 1750 835 1813 et
858 1750 1002 1814 cohortes
1033 1750 1063 1813 V
1093 1751 1126 1814 in
1155 1753 1329 1830 Eburones,

92 1873 238 1937 quorum
261 1873 336 1937 pers
359 1855 498 1919 maxima
521 1856 570 1919 est
592 1856 676 1920 inter
699 1856 823 1920 Mosam
847 1875 883 1920 ac
907 1856 1072 1934 Rhenum,
1104 1857 1158 1938 qni
1182 1859 1241 1923 sub
1269 1859 1329 1923 im-

93 1962 185 2045 perio
209 1961 403 2043 Ambiorigis
428 1962 461 2026 et
483 1961 648 2026 Catuvolci
671 1963 777 2038 erant,
806 1962 903 2026 misit.
954 1962 1013 2027 His
1043 1963 1200 2028 militibus
1230 1963 1353 2044 Quin-r

94 2071 169 2132 tum
194 2068 354 2132 Titurium
379 2067 533 2132 Sabinum
557 2070 589 2132 et
612 2069 747 2132 Lucium
769 2069 1022 2134 Aurunculeium
1046 2069 1174 2134 Cottam
1206 2071 1327 2152 legatos
1411 2059 1423 2080 ⁸

93 2193 247 2259 praeesse
271 2174 374 2239 iussit.
419 2173 469 2238 Ad
492 2175 577 2239 huno
600 2175 731 2238 modum
761 2175 940 2239 distributis
970 2176 1147 2257 legionibus
1177 2176 1355 2242 facilhmee

93 2283 222 2366 inopiae
246 2281 472 2346 frumentariae
497 2300 565 2346 sese
588 2281 709 2346 mederi
731 2300 823 2364 posse
847 2263 1052 2347 existimauit
1084 2284 1189 2364 Atque
1212 2283 1352 2348 harum⁷

93 2391 207 2453 tamen
232 2389 374 2452 omnium
397 2388 558 2469 legionum
581 2389 713 2452 hiberna
735 2391 862 2471 praeter
885 2407 964 2466 eam,
988 2407 1084 2471 quarn
1100 2389 1198 2453 Lucio
1214 2390 1327 2454 Roscio

94 2523 313 2532 ..„-—-—--

170 2615 195 2656 a.
215 2601 421 2670 tranquillitate
447 2605 607 2668 consecuto,
632 2601 705 2668 curn]
731 2599 792 2654 Satn
820 2601 887 2654 nach
912 2599 972 2655 Anl.
990 2601 1027 2655 M.
1065 2600 1192 2669 consequi
1216 2600 1326 2654 intuens.

92 2707 154 2744 vom
168 2690 288 2743 Wetter:
308 2690 492 2756 „ointreten“.
513 2719 548 2759 --
566 2690 688 2744 oemndd
701 2690 775 2743 initu
790 2730 831 2744 ...
846 2688 955 2759 vigilio]
969 2689 1054 2742 Wenn
1068 2706 1097 2743 er
1109 2689 1152 2742 bei
1165 2689 1266 2757 Beginn
1281 2689 1327 2743 der

92 2779 206 2833 aweitan
224 2778 401 2832 Nachtwaohe
427 2778 468 2832 die
487 2777 576 2833 Ankon
600 2779 728 2847 gelichtet
749 2779 798 2832 hat
825 2779 881 2832 und
907 2779 987 2833 achon
1005 2779 1047 2831 bei
1065 2777 1266 2846 Tagesanbruch
1284 2793 1327 2845 ge·

92 2869 189 2922 landet
206 2868 252 2935 ist,
272 2885 301 2921 so
319 2867 357 2921 ist
371 2867 412 2921 die
425 2867 510 2920 Ilahrt
528 2867 589 2921 sehr
602 2867 679 2920 rosch
697 2885 745 2921 von
760 2870 862 2921 stetten
880 2884 1024 2936 gegangen.
1040 2897 1073 2906 —
1089 2864 1250 2935 perducere]
1264 2865 1327 2918 Lais

93 2957 139 3011 die
153 2957 322 3027 Prtposition
337 2957 412 3010 nicht
425 2955 599 3010 unbeachtetl
616 2956 781 3024 pervenire
792 2955 874 3009 heilst
888 2956 926 3009 oft
941 2955 1093 3024 „glticklich
1107 2954 1153 3008 hin
1168 2954 1326 3022 gelangen“.

92 3045 135 3098 Zn
153 3045 302 3100 incolumia
319 3045 371 3115 vgl.
390 3045 436 3112 IV,
455 3046 498 3113 15,
517 3047 542 3099 3.

630 3197 681 3279 Ν.
711 3197 799 3280 Tell.

570 3325 667 3388 Kap.
696 3324 855 3380 24—37.

168 3438 248 3508 Kap.
268 3438 320 3494 24.
363 3451 383 3494 ι.
402 3440 482 3508 quod.
494 3480 500 3495 .
512 3480 535 3493 ..
551 3439 728 3508 provenerat]
754 3439 844 3494 Wofur
865 3439 940 3508 giebt
967 3439 1052 3492 dieser
1076 3437 1137 3492 Seth
1163 3439 1213 3494 den
1232 3437 1325 3494 Grnnd

91 3527 152 3582 an?
172 3557 206 3567 —
225 3527 396 3594 succentum
409 3529 557 3598 unguedine
572 3527 715 3598 provenit]
735 3529 803 3595 „das
816 3526 940 3583 Gatreide
957 3527 995 3582 ist
1013 3527 1156 3598 sptrlicher
1173 3528 1325 3597 gehommen

93 3641 132 3662 ==
150 3618 271 3672 achleoht
287 3619 428 3686 gemten“.
454 3647 490 3656 -
516 3614 664 3689 oiceitnlee]
684 3617 759 3671 Setia
777 3617 829 3671 dan
847 3616 983 3685 singular!
1007 3646 1041 3656 -
1069 3615 1160 3686 cogor]
1181 3616 1245 3684 „ioh
1263 3616 1325 3670 sebe

94 3706 163 3760 mich
182 3706 313 3775 genbtigt,
331 3705 507 3761 veranlafst“.
527 3735 561 3744 -
580 3706 664 3760 aliter
682 3706 726 3774 no]
745 3705 811 3778 Kap.
831 3707 874 3774 13,
893 3706 918 3761 2.

170 3806 248 3849 2—4.
268 3811 330 3850 cun
349 3795 379 3849 Τ.
398 3795 536 3863 Latinio]
555 3795 621 3865 Kap.
641 3795 683 3862 17,
698 3796 724 3850 2.
743 3822 777 3832 -
792 3793 942 3863 praefecit]
961 3793 1027 3865 Kap.
1048 3795 1072 3861 1,
1093 3793 1118 3848 1.
1137 3821 1171 3832 —
1187 3792 1323 3862 monime]

95 3883 209 3938 zeitlich.
231 3913 264 3922 -
288 3885 466 3953 conscribere]
481 3885 529 3938 Bei
542 3884 588 3938 der
601 3883 764 3953 Auehebung
777 3883 884 3938 werden
898 3883 941 3938 die
954 3883 1056 3938 Numen
1069 3883 1116 3936 der
1130 3881 1325 3950 Kriegsdienst·

94 3973 249 4043 pllichtigen
268 3974 297 4028 in
310 3974 401 4028 Iistan
419 3973 621 4043 eingezeichnet.
643 4003 677 4012 -
696 3973 762 4041 cece]
777 3972 842 4026 uird
860 3973 896 4026 im
913 3972 1096 4026 Lateinischen
1115 3970 1154 4025 oit
1168 3970 1323 4038 veruendet,

96 4079 134 4116 wo
152 4062 201 4116 wir
219 4062 262 4116 die
283 4079 398 4132 genam
414 4062 623 4118 bezeichnanden
642 4061 732 4116 Worte
751 4061 860 4128 „lebam
885 4061 1010 4130 wohnen,
1036 4060 1151 4114 slehen“
1171 4062 1268 4116 setzen.
1289 4087 1323 4098 -

93 4152 144 4219 qui
223 4150 317 4221 erunt]
335 4151 393 4206 wn·
409 4157 515 4206 mhssan
533 4152 584 4206 dan
602 4151 710 4205 zwaiten
722 4150 885 4204 Relativsatz
904 4150 987 4204 durch
1005 4149 1102 4217 „und⁴‘
1122 4147 1304 4204 anschlielaeu.

169 4251 247 4296 e-a.
261 4256 387 4310 prorem
399 4241 495 4309 inerit]
510 4263 546 4284 =
555 4239 700 4309 pracfecit.
721 4269 754 4278 -
773 4237 812 4292 ad
830 4239 905 4293 lncnc
917 4237 1038 4307 nomem]
1057 4236 1180 4291 vorbindo
1198 4236 1249 4290 mit
1266 4234 1324 4290 dia-

92 4328 223 4397 trtbutio3
242 4329 285 4384 die
302 4330 440 4384 absoluten
458 4329 579 4384 Ablative
597 4328 680 4397 geben
699 4327 747 4381 das
765 4326 855 4380 Mittol
869 4343 910 4396 un,
930 4327 978 4380 wie
997 4325 1025 4382 C.
1045 4325 1149 4380 Abhilfe
1169 4323 1273 4378 aohafft.
1288 4351 1324 4362 -
