3172 4922
238 335 275 400 76
733 339 773 393 De
790 339 858 394 bello
877 337 977 394 Gellioo

212 499 289 564 suti
316 501 456 584 possent.
502 498 600 565 Cuius
630 499 769 564 adventu
797 519 853 583 spe
881 500 982 565 inlato
1009 500 1165 566 militibus
1193 519 1230 566 ao
1252 501 1469 584 redintegrato

240 606 354 684 animo,
378 626 452 671 oum
474 626 531 690 pro
555 625 588 671 se
613 608 747 688 quisque
771 606 805 671 in
828 609 999 690 conspeetu
1014 607 1214 690 imperatoris
1239 609 1337 674 etiam
1359 609 1393 672 in
1416 627 1470 674 ex·

239 713 351 778 tremis
375 714 441 778 suis
464 714 560 778 rebus
584 732 713 796 operam
727 731 844 778 navare
861 715 1000 796 superet,
1022 714 1156 797 paulum
1170 715 1313 780 hostium
1327 715 1470 798 impetus

239 820 386 885 tardatus
411 822 468 885 est.

167 929 229 990 ,26
329 926 455 1004 Caesar,
479 946 551 992 oum
575 927 746 1009 septimam
768 927 936 1010 legionem,
960 945 1041 1008 quae
1064 927 1154 992 iuxta
1170 928 1366 1006 constiterat,
1389 929 1471 994 item

239 1034 347 1115 urgeri
376 1034 415 1099 ab
442 1034 534 1098 hoste
562 1033 709 1111 vidisset,
739 1034 883 1098 tribunos
911 1033 1051 1098 militum
1078 1033 1217 1111 monuit,
1247 1036 1285 1099 ut
1310 1034 1472 1118 paulatim

240 1158 309 1206 sese
332 1140 472 1221 legiones
495 1139 724 1221 ooniungerent
753 1141 785 1204 et
813 1158 965 1205 eonverse
992 1139 1083 1222 signo
1111 1140 1146 1204 in
1171 1140 1281 1205 hostes
1303 1139 1470 1204 inferrent.

214 1244 309 1326 oQuo
339 1245 423 1311 faoto
453 1265 527 1312 oum
558 1247 639 1310 elius
670 1246 725 1310 alii
753 1247 931 1312 subsidium
959 1246 1070 1323 ferret,
1098 1264 1202 1329 neque
1230 1246 1397 1324 timerent,
1427 1264 1470 1312 ne
1579 1281 1580 1328 ι

239 1353 343 1418 aversi
373 1329 412 1417 ab
441 1352 533 1417 hoste
564 1353 885 1431 circumvenirentur,
921 1352 1074 1418 eudesius
1104 1353 1253 1418 resistere
1287 1371 1325 1418 ao
1353 1351 1470 1418 fortius

214 1477 381 1543 opugnare
410 1460 590 1542 eoeperunt.
639 1458 774 1524 Interim
802 1459 921 1524 milites
949 1459 1113 1541 legionum
1141 1458 1291 1536 duarum,
1322 1477 1404 1540 quae
1432 1459 1471 1522 in
1579 1467 1580 1522 ι

238 1565 409 1629 novissimo
434 1565 559 1646 agmine
582 1565 739 1648 praesidio
762 1565 998 1649 impedimentis
1018 1565 1154 1643 fuerant,
1176 1566 1296 1649 proelio
1318 1566 1470 1630 nuntiato
1579 1601 1580 1662 ᾗ

213 1689 336 1736 ιιιιιιιι
355 1671 487 1736 ineitato
506 1671 541 1734 in
560 1689 685 1736 summo
706 1671 784 1736 eolle
807 1672 846 1736 ab
861 1671 1006 1738 hostibus
1022 1672 1305 1755 eonspioisbantur,
1328 1673 1362 1737 et
1376 1672 1470 1736 Titus
1579 1669 1580 1704 ³

238 1776 398 1842 Labienus
421 1778 535 1842 eastris
551 1778 693 1842 hostium
708 1778 829 1861 potitus
853 1780 886 1842 et
909 1797 947 1844 ex
969 1779 1037 1844 loeo
1061 1779 1232 1862 superiore,
1255 1797 1337 1860 quae
1360 1797 1411 1844 res
1434 1779 1470 1844 in
1579 1775 1580 1826 l

238 1885 356 1948 nostris
380 1884 494 1948 eastris
518 1887 716 1966 gererentur,
744 1885 944 1969 oonspieetus
966 1885 1125 1950 desimam
1146 1885 1305 1968 legionem
1328 1885 1469 1952 subsidio
1579 1877 1580 1880 ¹

214 1991 356 2055 snostris
374 1990 470 2055 misit.
509 1989 580 2069 Qui,
604 2010 678 2056 oum
701 2009 739 2056 ιιι
755 1991 900 2073 equitum
924 1993 957 2056 et
979 1992 1129 2056 ealonum
1150 1991 1234 2074 fuge,
1258 2010 1320 2073 quo
1343 1992 1377 2056 in
1399 1992 1469 2058 loeo

238 2114 290 2160 res
307 2098 399 2174 esset,
423 2099 606 2180 quantoque
629 2098 662 2161 in
685 2098 825 2182 periculo
848 2100 882 2164 et
904 2100 1012 2164 eastra
1035 2101 1068 2164 st
1089 2099 1230 2181 legiones
1246 2101 1279 2164 et
1294 2099 1470 2183 imperator

239 2205 428 2281 versaretur,
452 2204 683 2286 eognovissent,
705 2204 786 2268 nihil
809 2203 850 2268 ad
873 2205 1071 2270 celeritatem
1094 2205 1154 2270 sibi
1177 2205 1292 2286 reliqui
1314 2205 1469 2270 feserunt

184 2312 228 2372 27
328 2310 451 2375 Horum
474 2311 613 2376 adventu
636 2312 728 2375 tenta
750 2330 858 2376 rerum
875 2312 1081 2376 eommutatio
1105 2314 1156 2377 est
1177 2312 1271 2388 faeta,
1297 2314 1335 2376 ut
1356 2313 1469 2390 nostri,

240 2417 337 2481 etiam
362 2419 416 2499 qui
431 2418 617 2483 uulneribus
641 2417 774 2483 eonieoti
797 2418 1049 2501 prooubuissent,
1073 2419 1172 2484 soutis
1192 2418 1291 2483 innixi
1310 2418 1468 2501 proelium

238 2593 379 2660 mooaipala'
396 2594 464 2660 (bier
482 2596 550 2648 etwe
568 2591 728 2661 „Glisdsr“)
745 2593 879 2662 geloekert
897 2595 1007 2648 werden.
1044 2595 1138 2664 signa·
1150 2593 1215 2648 uird
1239 2594 1281 2648 oft
1297 2594 1374 2648 nieht
1391 2597 1468 2649 wdrt·

238 2681 292 2734 lioh
310 2683 456 2766 iibersetzt;
476 2682 528 2750 vgl.
547 2682 569 2748 I,
588 2681 630 2749 25,
651 2683 675 2736 7.

311 2783 335 2824 l.
361 2771 509 2839 adventas]
535 2770 743 2838 ‚,llrsoheinsn“.
770 2801 805 2810 -
833 2772 902 2826 mibi
926 2787 987 2841 spes
1010 2770 1146 2839 infertor]
1173 2771 1239 2839 „ioh
1265 2771 1369 2842 sehdpie
1394 2771 1467 2826 Hoff-

238 2860 343 2928 nung“.
371 2889 408 2898 -
434 2861 504 2914 mibi
527 2861 639 2915 animur
661 2860 879 2929 redintegratur]
899 2860 965 2928 „ioh
989 2861 1058 2915 fasse
1076 2860 1171 2914 wieder
1188 2859 1281 2914 nuta
1308 2890 1342 2900 -
1363 2877 1420 2930 pro
1438 2876 1466 2916 ee

239 2947 365 3017 quisque]
384 2948 478 3017 „jeder
496 2965 530 3002 au
549 2949 646 3002 seinem
659 2947 747 3002 Teil“.
768 2977 802 2988 -
821 2949 905 3003 etiam
918 2949 950 3002 ia
962 2949 1089 3004 extremis
1101 2949 1168 3004 mab
1180 2949 1273 3016 reboo]
1293 2949 1382 3016 „auch
1396 2951 1466 3004 treta
1579 2963 1580 3014 ς

238 3036 285 3091 der
302 3037 421 3106 grblsten
440 3036 538 3094 Gefabr
555 3039 598 3092 fur
615 3037 718 3092 miob“.
739 3065 772 3076 -
791 3053 903 3106 operam
920 3037 1036 3107 aurore]
1056 3037 1135 3106 „sich
1153 3039 1254 3092 wsebor
1271 3038 1394 3093 halten“.
1579 3070 1580 3096 ι

310 3125 388 3193 Kal».
407 3125 454 3181 26.
495 3139 516 3180 1.
540 3127 658 3195 moerere]
683 3126 748 3195 „die
766 3127 895 3196 Weisung
918 3127 1031 3196 geben“.
1056 3157 1090 3166 -
1117 3141 1173 3182 sese
1191 3127 1366 3196 coniungere]
1388 3127 1467 3194 „siob
1579 3135 1580 3140 ’

239 3214 519 3270 aneinanderziehen“.
540 3245 574 3254 -
593 3216 675 3284 signa
695 3231 827 3272 conversa
845 3214 960 3284 inferre]
979 3216 1001 3282 I,
1021 3215 1064 3285 ab,
1084 3216 1108 3270 7.

311 3313 335 3357 a.
354 3320 408 3372 qao
426 3303 513 3372 facto]
531 3302 591 3358 Aul.
610 3303 642 3358 K.
663 3331 696 3342 -
716 3305 791 3360 alios
810 3304 1122 3372 atrabatensem]
1146 3303 1209 3372 „sie
1228 3303 1321 3358 dienen
1341 3297 1467 3359 einander
1579 3297 1580 3308 ¹

239 3408 285 3445 zur
309 3391 466 3460 Deckung“.
495 3421 529 3432 —-
558 3393 695 3461 omnent]
719 3392 781 3448 Anl.
805 3392 851 3448 N'
867 3393 926 3448 NB.
954 3422 988 3434 -
1017 3393 1105 3450 aveni
1129 3393 1370 3462 eireumoem'mar]
1397 3393 1468 3461 „uir

237 3480 341 3535 werden
357 3481 394 3534 im
412 3480 519 3534 Riiokeu
537 3483 717 3550 umgaugen“.
824 3525 839 3546 .

312 3581 335 3623 a.
354 3569 387 3622 in
404 3569 555 3624 aooiaamo
573 3571 693 3639 aymare]
713 3571 776 3638 „als
794 3569 952 3626 Naehhut“.
972 3601 1007 3612 ··-
1024 3571 1129 3640 proelio
1146 3568 1293 3638 auaaato]
1310 3568 1373 3623 Aul.
1387 3570 1416 3624 L.
1432 3599 1466 3610 ·-

238 3673 349 3714 caream
366 3656 499 3724 inritare]
519 3658 599 3724 ‚,si‹·o
618 3659 646 3712 in
664 3659 733 3712 Trsb
752 3661 875 3714 setaen“.

310 3760 334 3801 l.
351 3747 462 3816 potitae
542 3747 730 3817 σοιιρὸιαιιιι]
749 3748 803 3802 l'dse
821 3748 849 3802 iu
861 3747 1040 3803 Relativsttae
1059 3747 1115 3802 suf!
1137 3775 1171 3786 -·
1185 3763 1262 3817 gaas
1339 3761 1466 3816 gereres·

237 3837 296 3904 tar]
315 3835 337 3903 I,
356 3837 400 3903 17,
418 3835 443 3890 b.

311 3939 333 3979 s.
353 3942 407 3994 qao
432 3925 465 3979 in
490 3925 547 3980 loeo
570 3941 615 3981 res
636 3923 707 3994 esti]
736 3926 805 3993 „uie
824 3925 898 3980 steht
922 3925 965 3979 die
982 3924 1110 3979 stonew
1138 3953 1173 3964 -
1200 3923 1275 3978 nibil
1290 3923 1346 3979 sibi
1363 3925 1467 3994 religet

236 4013 373 4082 feceram]
398 4038 433 4059 =
456 4013 594 4083 fererant,
618 4020 650 4070 at
671 4015 745 4069 nibil
768 4015 822 4070 sabi
846 4014 948 4085 reliqua
972 4020 1041 4069 esset
1068 4013 1130 4082 „sie
1155 4012 1250 4067 thatun
1273 4012 1317 4067 ihr
1339 4013 1467 4082 Mbglirlr·

237 4104 322 4158 stes“.
342 4133 376 4142 -
395 4103 435 4158 ad
454 4103 630 4172 eebattatem]
650 4120 707 4172 „an
726 4103 947 4172 Sohnelliglreit“.

308 4191 385 4260 Kal».
405 4191 451 4248 27.
492 4205 502 4246 1
519 4209 543 4244 n.
559 4203 582 4247 a.
601 4191 789 4261 commmatio]
809 4191 1042 4261 „omsowung‘fi
1061 4221 1096 4232 -
1113 4191 1213 4258 nostri,
1231 4191 1316 4246 aiom
1333 4189 1389 4258 (ii)
1406 4189 1466 4260 qus]

237 4281 345 4349 „selbst
359 4281 401 4335 die
413 4298 464 4336 von
478 4297 591 4336 unseren
603 4281 713 4348 leuton,
732 4281 829 4336 welehe
844 4282 914 4337 ...“.
934 4310 968 4320 —
986 4281 1147 4336 wamba
1161 4278 1290 4348 conferte]
1309 4279 1347 4333 ist
1360 4279 1468 4334 sttrker

237 4369 277 4423 als
292 4370 497 4438 „verwundet“.
518 4399 552 4410 -
566 4371 718 4440 promebat]
738 4369 804 4438 „ioh
822 4369 890 4438 liege
907 4387 950 4424 am
967 4369 1090 4424 Boden“.
1109 4395 1144 4408 -
1170 4368 1241 4438 baa]
1261 4367 1347 4436 „da“.
1366 4395 1402 4408 ··-
1420 4384 1468 4425 or·
