<?xml version="1.0" encoding="UTF-8"?>
<!DOCTYPE html PUBLIC "-//W3C//DTD XHTML 1.0 Transitional//EN"
    "http://www.w3.org/TR/xhtml1/DTD/xhtml1-transitional.dtd">
<html xmlns="http://www.w3.org/1999/xhtml" xml:lang="en" lang="en">
 <head>
  <title>
</title>
<meta http-equiv="Content-Type" content="text/html;charset=utf-8" />
  <meta name='ocr-system' content='tesseract 3.04.00' />
  <meta name='ocr-capabilities' content='ocr_page ocr_carea ocr_par ocr_line ocrx_word'/>
</head>
<body>
  <div class='ocr_page' id='page_1' title='image "./ciuliicaesarisc01menggoog_0180.png"; bbox 0 0 3134 4922; ppageno 0'>
   <div class='ocr_carea' id='block_1_1' title="bbox 562 403 1304 473">
    <p class='ocr_par' dir='ltr' id='par_1_1' title="bbox 562 403 1304 473">
     <span class='ocr_line' id='line_1_1' title="bbox 562 403 1304 473; baseline 0 -11"><span class='ocrx_word' id='word_1_1' title='bbox 562 406 667 462; x_wconf 83' lang='lat' dir='ltr'>&#39;Comm</span> <span class='ocrx_word' id='word_1_2' title='bbox 687 407 719 473; x_wconf 87' lang='lat' dir='ltr'>V,</span> <span class='ocrx_word' id='word_1_3' title='bbox 738 423 759 460; x_wconf 87' lang='lat' dir='ltr'>e.</span> <span class='ocrx_word' id='word_1_4' title='bbox 780 408 858 461; x_wconf 85' lang='lat'><strong>1-3.</strong></span> <span class='ocrx_word' id='word_1_5' title='bbox 1253 403 1304 462; x_wconf 77' lang='lat'>143</span> 
     </span>
    </p>
   </div>
   <div class='ocr_carea' id='block_1_2' title="bbox 83 566 1397 2457">
    <p class='ocr_par' dir='ltr' id='par_1_2' title="bbox 83 566 1328 1605">
     <span class='ocr_line' id='line_1_2' title="bbox 86 566 1303 650; baseline -0.001 -19"><span class='ocrx_word' id='word_1_6' title='bbox 86 587 175 650; x_wconf 88' lang='lat' dir='ltr'>supra</span> <span class='ocrx_word' id='word_1_7' title='bbox 197 567 495 644; x_wconf 72' lang='lat' dir='ltr'>demonstravimus</span> <span class='ocrx_word' id='word_1_8' title='bbox 518 586 615 632; x_wconf 82' lang='lat' dir='ltr'>naves</span> <span class='ocrx_word' id='word_1_9' title='bbox 640 569 672 631; x_wconf 87' lang='lat' dir='ltr'>et</span> <span class='ocrx_word' id='word_1_10' title='bbox 695 567 805 648; x_wconf 85' lang='lat' dir='ltr'>longas</span> <span class='ocrx_word' id='word_1_11' title='bbox 823 566 965 630; x_wconf 83' lang='lat' dir='ltr'>XXVIII</span> <span class='ocrx_word' id='word_1_12' title='bbox 988 567 1109 632; x_wconf 90' lang='lat' dir='ltr'>invenit</span> <span class='ocrx_word' id='word_1_13' title='bbox 1128 567 1303 631; x_wconf 78' lang='lat' dir='ltr'>instructas</span> 
     </span>
     <span class='ocr_line' id='line_1_3' title="bbox 85 672 1303 755; baseline -0.002 -19"><span class='ocrx_word' id='word_1_14' title='bbox 85 692 179 754; x_wconf 88' lang='lat' dir='ltr'>neque</span> <span class='ocrx_word' id='word_1_15' title='bbox 202 674 344 738; x_wconf 90' lang='lat' dir='ltr'>multum</span> <span class='ocrx_word' id='word_1_16' title='bbox 368 674 478 737; x_wconf 87' lang='lat' dir='ltr'>abesse</span> <span class='ocrx_word' id='word_1_17' title='bbox 504 673 542 737; x_wconf 84' lang='lat' dir='ltr'>ab</span> <span class='ocrx_word' id='word_1_18' title='bbox 567 691 618 750; x_wconf 89' lang='lat' dir='ltr'>eo,</span> <span class='ocrx_word' id='word_1_19' title='bbox 648 673 725 755; x_wconf 92' lang='lat' dir='ltr'>quin</span> <span class='ocrx_word' id='word_1_20' title='bbox 748 672 858 754; x_wconf 86' lang='lat' dir='ltr'>paneis</span> <span class='ocrx_word' id='word_1_21' title='bbox 890 672 999 736; x_wconf 87' lang='lat' dir='ltr'>diebus</span> <span class='ocrx_word' id='word_1_22' title='bbox 1030 672 1144 737; x_wconf 88' lang='lat' dir='ltr'>deduei</span> <span class='ocrx_word' id='word_1_23' title='bbox 1172 672 1303 754; x_wconf 82' lang='lat' dir='ltr'>possint.</span> 
     </span>
     <span class='ocr_line' id='line_1_4' title="bbox 86 777 1328 861; baseline -0.002 -18"><span class='ocrx_word' id='word_1_24' title='bbox 86 778 273 844; x_wconf 79' lang='lat' dir='ltr'>Collaudatis</span> <span class='ocrx_word' id='word_1_25' title='bbox 296 779 451 843; x_wconf 90' lang='lat' dir='ltr'>militibus</span> <span class='ocrx_word' id='word_1_26' title='bbox 476 782 571 861; x_wconf 89' lang='lat' dir='ltr'>atque</span> <span class='ocrx_word' id='word_1_27' title='bbox 595 779 647 855; x_wconf 89' lang='lat' dir='ltr'>iis,</span> <span class='ocrx_word' id='word_1_28' title='bbox 672 779 727 860; x_wconf 92' lang='lat' dir='ltr'>qui</span> <span class='ocrx_word' id='word_1_29' title='bbox 749 779 875 860; x_wconf 86' lang='lat' dir='ltr'>negotio</span> <span class='ocrx_word' id='word_1_30' title='bbox 898 777 1111 861; x_wconf 73' lang='lat' dir='ltr'><strong>praefuerant,</strong></span> <span class='ocrx_word' id='word_1_31' title='bbox 1136 777 1211 860; x_wconf 93' lang='lat' dir='ltr'>quid</span> <span class='ocrx_word' id='word_1_32' title='bbox 1234 778 1328 842; x_wconf 77' lang='lat' dir='ltr'>fieris</span> 
     </span>
     <span class='ocr_line' id='line_1_5' title="bbox 85 884 1303 967; baseline 0 -19"><span class='ocrx_word' id='word_1_33' title='bbox 85 886 167 962; x_wconf 85' lang='lat' dir='ltr'>velit,</span> <span class='ocrx_word' id='word_1_34' title='bbox 197 885 338 950; x_wconf 77' lang='lat' dir='ltr'><strong>ostendit</strong></span> <span class='ocrx_word' id='word_1_35' title='bbox 369 886 464 966; x_wconf 85' lang='lat' dir='ltr'>atque</span> <span class='ocrx_word' id='word_1_36' title='bbox 496 903 604 949; x_wconf 90' lang='lat' dir='ltr'>omnes</span> <span class='ocrx_word' id='word_1_37' title='bbox 641 884 680 947; x_wconf 91' lang='lat' dir='ltr'>ad</span> <span class='ocrx_word' id='word_1_38' title='bbox 715 887 843 967; x_wconf 86' lang='lat' dir='ltr'>portum</span> <span class='ocrx_word' id='word_1_39' title='bbox 872 885 972 949; x_wconf 92' lang='lat' dir='ltr'>Itium</span> <span class='ocrx_word' id='word_1_40' title='bbox 1008 885 1173 949; x_wconf 78' lang='lat' dir='ltr'>convenire</span> <span class='ocrx_word' id='word_1_41' title='bbox 1207 885 1303 961; x_wconf 90' lang='lat' dir='ltr'>iubet,</span> 
     </span>
     <span class='ocr_line' id='line_1_6' title="bbox 87 990 1303 1075; baseline -0.002 -19"><span class='ocrx_word' id='word_1_42' title='bbox 87 1011 141 1074; x_wconf 88' lang='lat' dir='ltr'>que</span> <span class='ocrx_word' id='word_1_43' title='bbox 178 1011 215 1056; x_wconf 85' lang='lat' dir='ltr'>ex</span> <span class='ocrx_word' id='word_1_44' title='bbox 253 993 348 1075; x_wconf 86' lang='lat' dir='ltr'>portu</span> <span class='ocrx_word' id='word_1_45' title='bbox 387 990 680 1055; x_wconf 76' lang='lat' dir='ltr'>eemmedIssimum</span> <span class='ocrx_word' id='word_1_46' title='bbox 718 991 750 1054; x_wconf 93' lang='lat' dir='ltr'>in</span> <span class='ocrx_word' id='word_1_47' title='bbox 790 991 991 1054; x_wconf 79' lang='lat' dir='ltr'>Britanniam</span> <span class='ocrx_word' id='word_1_48' title='bbox 1028 991 1199 1055; x_wconf 74' lang='lat' dir='ltr'>traiectum</span> <span class='ocrx_word' id='word_1_49' title='bbox 1235 1009 1303 1054; x_wconf 90' lang='lat' dir='ltr'>esse</span> 
     </span>
     <span class='ocr_line' id='line_1_7' title="bbox 86 1097 1304 1179; baseline -0.002 -17"><span class='ocrx_word' id='word_1_50' title='bbox 86 1101 284 1179; x_wconf 83' lang='lat' dir='ltr'>regnaverat,</span> <span class='ocrx_word' id='word_1_51' title='bbox 314 1098 439 1162; x_wconf 82' lang='lat' dir='ltr'>nimiter</span> <span class='ocrx_word' id='word_1_52' title='bbox 461 1097 586 1160; x_wconf 89' lang='lat' dir='ltr'>milium</span> <span class='ocrx_word' id='word_1_53' title='bbox 609 1115 764 1179; x_wconf 83' lang='lat' dir='ltr'>passuum</span> <span class='ocrx_word' id='word_1_54' title='bbox 787 1097 877 1161; x_wconf 88' lang='lat' dir='ltr'>XXX</span> <span class='ocrx_word' id='word_1_55' title='bbox 901 1116 919 1161; x_wconf 90' lang='lat' dir='ltr'>a</span> <span class='ocrx_word' id='word_1_56' title='bbox 942 1097 1132 1171; x_wconf 80' lang='lat' dir='ltr'>eontinenti3</span> <span class='ocrx_word' id='word_1_57' title='bbox 1160 1097 1235 1161; x_wconf 83' lang='lat' dir='ltr'>huie</span> <span class='ocrx_word' id='word_1_58' title='bbox 1259 1097 1304 1160; x_wconf 91' lang='lat' dir='ltr'>rei</span> 
     </span>
     <span class='ocr_line' id='line_1_8' title="bbox 86 1203 1327 1285; baseline -0.003 -17"><span class='ocrx_word' id='word_1_59' title='bbox 86 1204 160 1285; x_wconf 88' lang='lat' dir='ltr'>quod</span> <span class='ocrx_word' id='word_1_60' title='bbox 184 1205 264 1268; x_wconf 89' lang='lat' dir='ltr'>satis</span> <span class='ocrx_word' id='word_1_61' title='bbox 290 1222 357 1268; x_wconf 90' lang='lat' dir='ltr'>esse</span> <span class='ocrx_word' id='word_1_62' title='bbox 381 1204 486 1267; x_wconf 85' lang='lat' dir='ltr'>visum</span> <span class='ocrx_word' id='word_1_63' title='bbox 510 1205 560 1268; x_wconf 90' lang='lat' dir='ltr'>est</span> <span class='ocrx_word' id='word_1_64' title='bbox 582 1203 722 1268; x_wconf 91' lang='lat' dir='ltr'>militum</span> <span class='ocrx_word' id='word_1_65' title='bbox 745 1203 885 1285; x_wconf 88' lang='lat' dir='ltr'>reliquit.</span> <span class='ocrx_word' id='word_1_66' title='bbox 930 1203 1002 1285; x_wconf 90' lang='lat' dir='ltr'>Ipse</span> <span class='ocrx_word' id='word_1_67' title='bbox 1027 1222 1100 1267; x_wconf 83' lang='lat' dir='ltr'>eum</span> <span class='ocrx_word' id='word_1_68' title='bbox 1128 1203 1327 1285; x_wconf 72' lang='lat' dir='ltr'>legionibusi</span> 
     </span>
     <span class='ocr_line' id='line_1_9' title="bbox 84 1309 1304 1393; baseline -0.002 -20"><span class='ocrx_word' id='word_1_69' title='bbox 84 1311 228 1393; x_wconf 81' lang='lat' dir='ltr'>expeditis</span> <span class='ocrx_word' id='word_1_70' title='bbox 252 1310 300 1374; x_wconf 88' lang='lat' dir='ltr'>IV</span> <span class='ocrx_word' id='word_1_71' title='bbox 326 1312 358 1374; x_wconf 90' lang='lat' dir='ltr'>et</span> <span class='ocrx_word' id='word_1_72' title='bbox 381 1311 541 1392; x_wconf 83' lang='lat' dir='ltr'>equitibus</span> <span class='ocrx_word' id='word_1_73' title='bbox 564 1309 674 1375; x_wconf 80' lang='lat' dir='ltr'>DCCC</span> <span class='ocrx_word' id='word_1_74' title='bbox 699 1311 731 1373; x_wconf 91' lang='lat' dir='ltr'>in</span> <span class='ocrx_word' id='word_1_75' title='bbox 753 1310 832 1374; x_wconf 89' lang='lat' dir='ltr'>fines</span> <span class='ocrx_word' id='word_1_76' title='bbox 857 1310 1064 1374; x_wconf 83' lang='lat' dir='ltr'>Treverorum</span> <span class='ocrx_word' id='word_1_77' title='bbox 1087 1309 1304 1391; x_wconf 69' lang='lat' dir='ltr'>protenditur,</span> 
     </span>
     <span class='ocr_line' id='line_1_10' title="bbox 85 1413 1304 1499; baseline -0.002 -19"><span class='ocrx_word' id='word_1_78' title='bbox 85 1417 161 1498; x_wconf 90' lang='lat' dir='ltr'>quod</span> <span class='ocrx_word' id='word_1_79' title='bbox 183 1417 218 1480; x_wconf 91' lang='lat' dir='ltr'>hi</span> <span class='ocrx_word' id='word_1_80' title='bbox 241 1436 346 1499; x_wconf 89' lang='lat' dir='ltr'>neque</span> <span class='ocrx_word' id='word_1_81' title='bbox 371 1416 411 1481; x_wconf 91' lang='lat' dir='ltr'>ad</span> <span class='ocrx_word' id='word_1_82' title='bbox 435 1417 568 1481; x_wconf 86' lang='lat' dir='ltr'>eeneilia</span> <span class='ocrx_word' id='word_1_83' title='bbox 582 1417 754 1480; x_wconf 85' lang='lat' dir='ltr'>veniebant</span> <span class='ocrx_word' id='word_1_84' title='bbox 775 1435 878 1498; x_wconf 88' lang='lat' dir='ltr'>neque</span> <span class='ocrx_word' id='word_1_85' title='bbox 902 1416 1033 1498; x_wconf 87' lang='lat' dir='ltr'>imperio</span> <span class='ocrx_word' id='word_1_86' title='bbox 1056 1415 1210 1498; x_wconf 86' lang='lat' dir='ltr'>parebant</span> <span class='ocrx_word' id='word_1_87' title='bbox 1227 1413 1304 1478; x_wconf 83' lang='lat' dir='ltr'>Ger-</span> 
     </span>
     <span class='ocr_line' id='line_1_11' title="bbox 83 1522 947 1605; baseline -0.001 -19"><span class='ocrx_word' id='word_1_88' title='bbox 83 1541 250 1605; x_wconf 82' lang='lat' dir='ltr'>manosque</span> <span class='ocrx_word' id='word_1_89' title='bbox 276 1524 534 1588; x_wconf 83' lang='lat' dir='ltr'>Transrhenanos</span> <span class='ocrx_word' id='word_1_90' title='bbox 558 1523 727 1588; x_wconf 79' lang='lat' dir='ltr'>sollicitare</span> <span class='ocrx_word' id='word_1_91' title='bbox 752 1522 947 1588; x_wconf 79' lang='lat' dir='ltr'>dicebantur.</span> 
     </span>
    </p>

    <p class='ocr_par' dir='ltr' id='par_1_3' title="bbox 84 1627 1397 2457">
     <span class='ocr_line' id='line_1_12' title="bbox 166 1627 1334 1713; baseline 0.001 -20"><span class='ocrx_word' id='word_1_92' title='bbox 166 1630 258 1694; x_wconf 88' lang='lat' dir='ltr'>Haee</span> <span class='ocrx_word' id='word_1_93' title='bbox 290 1630 401 1694; x_wconf 88' lang='lat' dir='ltr'>eivitas</span> <span class='ocrx_word' id='word_1_94' title='bbox 432 1630 523 1712; x_wconf 85' lang='lat' dir='ltr'>lenge</span> <span class='ocrx_word' id='word_1_95' title='bbox 554 1630 730 1713; x_wconf 87' lang='lat' dir='ltr'>plurimum</span> <span class='ocrx_word' id='word_1_96' title='bbox 760 1630 858 1693; x_wconf 85' lang='lat' dir='ltr'>tetius</span> <span class='ocrx_word' id='word_1_97' title='bbox 889 1629 1011 1694; x_wconf 77' lang='lat' dir='ltr'>Galliae</span> <span class='ocrx_word' id='word_1_98' title='bbox 1044 1629 1189 1710; x_wconf 87' lang='lat' dir='ltr'>equitatu</span> <span class='ocrx_word' id='word_1_99' title='bbox 1219 1627 1334 1694; x_wconf 77' lang='lat' dir='ltr'>valetti</span> 
     </span>
     <span class='ocr_line' id='line_1_13' title="bbox 84 1733 1304 1819; baseline -0.003 -19"><span class='ocrx_word' id='word_1_100' title='bbox 84 1755 274 1819; x_wconf 85' lang='lat' dir='ltr'>magnasque</span> <span class='ocrx_word' id='word_1_101' title='bbox 298 1737 394 1801; x_wconf 89' lang='lat' dir='ltr'>habet</span> <span class='ocrx_word' id='word_1_102' title='bbox 418 1736 522 1819; x_wconf 78' lang='lat' dir='ltr'>copias</span> <span class='ocrx_word' id='word_1_103' title='bbox 553 1735 697 1818; x_wconf 89' lang='lat' dir='ltr'>peditum</span> <span class='ocrx_word' id='word_1_104' title='bbox 720 1736 949 1817; x_wconf 81' lang='lat' dir='ltr'>Rhenumque,</span> <span class='ocrx_word' id='word_1_105' title='bbox 979 1737 1017 1798; x_wconf 95' lang='lat' dir='ltr'>ut</span> <span class='ocrx_word' id='word_1_106' title='bbox 1048 1753 1144 1818; x_wconf 88' lang='lat' dir='ltr'>supra</span> <span class='ocrx_word' id='word_1_107' title='bbox 1175 1733 1304 1798; x_wconf 87' lang='lat' dir='ltr'>demon-</span> 
     </span>
     <span class='ocr_line' id='line_1_14' title="bbox 85 1841 1397 1924; baseline -0.002 -19"><span class='ocrx_word' id='word_1_108' title='bbox 85 1843 257 1920; x_wconf 84' lang='lat' dir='ltr'>stravimus,</span> <span class='ocrx_word' id='word_1_109' title='bbox 282 1842 394 1924; x_wconf 83' lang='lat' dir='ltr'>tangit.</span> <span class='ocrx_word' id='word_1_110' title='bbox 440 1842 479 1906; x_wconf 96' lang='lat' dir='ltr'>In</span> <span class='ocrx_word' id='word_1_111' title='bbox 503 1861 540 1905; x_wconf 89' lang='lat' dir='ltr'>ea</span> <span class='ocrx_word' id='word_1_112' title='bbox 563 1843 691 1907; x_wconf 80' lang='lat' dir='ltr'>civitate</span> <span class='ocrx_word' id='word_1_113' title='bbox 716 1842 778 1906; x_wconf 87' lang='lat' dir='ltr'>due</span> <span class='ocrx_word' id='word_1_114' title='bbox 802 1842 840 1906; x_wconf 90' lang='lat' dir='ltr'>de</span> <span class='ocrx_word' id='word_1_115' title='bbox 863 1842 1043 1924; x_wconf 83' lang='lat' dir='ltr'>prineipatu</span> <span class='ocrx_word' id='word_1_116' title='bbox 1066 1841 1329 1904; x_wconf 75' lang='lat' dir='ltr'>intersecans</span> <span class='ocrx_word' id='word_1_117' title='bbox 1396 1859 1397 1863; x_wconf 44' lang='lat'>¹</span> 
     </span>
     <span class='ocr_line' id='line_1_15' title="bbox 85 1947 1329 2029; baseline -0.002 -17"><span class='ocrx_word' id='word_1_118' title='bbox 85 1949 266 2025; x_wconf 89' lang='lat' dir='ltr'>tendebant,</span> <span class='ocrx_word' id='word_1_119' title='bbox 297 1948 535 2012; x_wconf 81' lang='lat' dir='ltr'>Indutiomarus</span> <span class='ocrx_word' id='word_1_120' title='bbox 560 1949 593 2012; x_wconf 89' lang='lat' dir='ltr'>et</span> <span class='ocrx_word' id='word_1_121' title='bbox 616 1947 814 2029; x_wconf 78' lang='lat' dir='ltr'>Cingetorix3</span> <span class='ocrx_word' id='word_1_122' title='bbox 846 1948 1001 2028; x_wconf 87' lang='lat' dir='ltr'>equibus</span> <span class='ocrx_word' id='word_1_123' title='bbox 1034 1949 1128 2024; x_wconf 90' lang='lat' dir='ltr'>alter,</span> <span class='ocrx_word' id='word_1_124' title='bbox 1159 1947 1329 2010; x_wconf 86' lang='lat' dir='ltr'>simulat-a</span> 
     </span>
     <span class='ocr_line' id='line_1_16' title="bbox 87 2053 1304 2136; baseline -0.001 -20"><span class='ocrx_word' id='word_1_125' title='bbox 87 2055 190 2134; x_wconf 85' lang='lat' dir='ltr'>quade</span> <span class='ocrx_word' id='word_1_126' title='bbox 208 2054 357 2120; x_wconf 81' lang='lat' dir='ltr'>Caesaris</span> <span class='ocrx_word' id='word_1_127' title='bbox 380 2055 605 2136; x_wconf 81' lang='lat' dir='ltr'>Iegmnumque</span> <span class='ocrx_word' id='word_1_128' title='bbox 630 2054 769 2118; x_wconf 87' lang='lat' dir='ltr'>adventu</span> <span class='ocrx_word' id='word_1_129' title='bbox 789 2054 951 2135; x_wconf 69' lang='lat' dir='ltr'>adgnitum</span> <span class='ocrx_word' id='word_1_130' title='bbox 976 2056 1033 2131; x_wconf 88' lang='lat' dir='ltr'>est,</span> <span class='ocrx_word' id='word_1_131' title='bbox 1058 2053 1098 2118; x_wconf 90' lang='lat' dir='ltr'>ad</span> <span class='ocrx_word' id='word_1_132' title='bbox 1119 2072 1192 2117; x_wconf 90' lang='lat' dir='ltr'>eum</span> <span class='ocrx_word' id='word_1_133' title='bbox 1208 2053 1304 2129; x_wconf 84' lang='lat' dir='ltr'>venit,</span> 
     </span>
     <span class='ocr_line' id='line_1_17' title="bbox 87 2158 1304 2244; baseline -0.003 -20"><span class='ocrx_word' id='word_1_134' title='bbox 87 2179 114 2224; x_wconf 90' lang='lat' dir='ltr'>se</span> <span class='ocrx_word' id='word_1_135' title='bbox 141 2181 278 2244; x_wconf 88' lang='lat' dir='ltr'>suesque</span> <span class='ocrx_word' id='word_1_136' title='bbox 308 2180 415 2225; x_wconf 83' lang='lat' dir='ltr'>omnes</span> <span class='ocrx_word' id='word_1_137' title='bbox 444 2163 478 2224; x_wconf 94' lang='lat' dir='ltr'>in</span> <span class='ocrx_word' id='word_1_138' title='bbox 513 2160 613 2225; x_wconf 87' lang='lat' dir='ltr'>offieie</span> <span class='ocrx_word' id='word_1_139' title='bbox 649 2160 774 2224; x_wconf 84' lang='lat' dir='ltr'>futuros</span> <span class='ocrx_word' id='word_1_140' title='bbox 808 2179 912 2242; x_wconf 91' lang='lat' dir='ltr'>neque</span> <span class='ocrx_word' id='word_1_141' title='bbox 948 2160 987 2224; x_wconf 87' lang='lat' dir='ltr'>ab</span> <span class='ocrx_word' id='word_1_142' title='bbox 1023 2160 1162 2224; x_wconf 77' lang='lat' dir='ltr'>amicitia</span> <span class='ocrx_word' id='word_1_143' title='bbox 1196 2158 1304 2241; x_wconf 84' lang='lat' dir='ltr'>populi</span> 
     </span>
     <span class='ocr_line' id='line_1_18' title="bbox 85 2266 1304 2348; baseline -0.003 -18"><span class='ocrx_word' id='word_1_144' title='bbox 85 2266 210 2331; x_wconf 86' lang='lat' dir='ltr'>Romani</span> <span class='ocrx_word' id='word_1_145' title='bbox 240 2267 420 2332; x_wconf 86' lang='lat' dir='ltr'>defeeturos</span> <span class='ocrx_word' id='word_1_146' title='bbox 456 2267 669 2344; x_wconf 79' lang='lat' dir='ltr'>nomimavit,</span> <span class='ocrx_word' id='word_1_147' title='bbox 700 2286 845 2348; x_wconf 91' lang='lat' dir='ltr'>quaeque</span> <span class='ocrx_word' id='word_1_148' title='bbox 874 2267 907 2330; x_wconf 93' lang='lat' dir='ltr'>in</span> <span class='ocrx_word' id='word_1_149' title='bbox 937 2267 1081 2331; x_wconf 84' lang='lat' dir='ltr'>Treveris</span> <span class='ocrx_word' id='word_1_150' title='bbox 1110 2267 1304 2348; x_wconf 80' lang='lat' dir='ltr'>gererentur,</span> 
     </span>
     <span class='ocr_line' id='line_1_19' title="bbox 87 2371 1327 2457; baseline -0.003 -21"><span class='ocrx_word' id='word_1_151' title='bbox 87 2374 222 2439; x_wconf 88' lang='lat' dir='ltr'>ostendit.</span> <span class='ocrx_word' id='word_1_152' title='bbox 254 2375 300 2438; x_wconf 87' lang='lat' dir='ltr'>At</span> <span class='ocrx_word' id='word_1_153' title='bbox 322 2375 561 2438; x_wconf 81' lang='lat' dir='ltr'>Indutiomarus</span> <span class='ocrx_word' id='word_1_154' title='bbox 585 2374 765 2456; x_wconf 87' lang='lat' dir='ltr'>equitatum</span> <span class='ocrx_word' id='word_1_155' title='bbox 787 2373 1028 2457; x_wconf 85' lang='lat' dir='ltr'>peditatumque</span> <span class='ocrx_word' id='word_1_156' title='bbox 1053 2390 1163 2453; x_wconf 81' lang='lat' dir='ltr'>eogere</span> <span class='ocrx_word' id='word_1_157' title='bbox 1193 2371 1327 2453; x_wconf 74' lang='lat' dir='ltr'>iisque,i</span> 
     </span>
    </p>
   </div>
   <div class='ocr_carea' id='block_1_3' title="bbox 87 2476 1542 2572">
    <p class='ocr_par' dir='ltr' id='par_1_4' title="bbox 87 2476 1542 2572">
     <span class='ocr_line' id='line_1_20' title="bbox 87 2476 1542 2572; baseline -0.003 -29"><span class='ocrx_word' id='word_1_158' title='bbox 87 2480 134 2558; x_wconf 92' lang='lat' dir='ltr'>qui</span> <span class='ocrx_word' id='word_1_159' title='bbox 156 2499 210 2562; x_wconf 87' lang='lat' dir='ltr'>per</span> <span class='ocrx_word' id='word_1_160' title='bbox 236 2482 377 2546; x_wconf 88' lang='lat' dir='ltr'>aetatem</span> <span class='ocrx_word' id='word_1_161' title='bbox 401 2481 433 2544; x_wconf 90' lang='lat' dir='ltr'>in</span> <span class='ocrx_word' id='word_1_162' title='bbox 458 2480 555 2544; x_wconf 85' lang='lat' dir='ltr'>armis</span> <span class='ocrx_word' id='word_1_163' title='bbox 579 2499 648 2544; x_wconf 90' lang='lat' dir='ltr'>esse</span> <span class='ocrx_word' id='word_1_164' title='bbox 676 2499 739 2544; x_wconf 89' lang='lat' dir='ltr'>non</span> <span class='ocrx_word' id='word_1_165' title='bbox 769 2482 933 2562; x_wconf 84' lang='lat' dir='ltr'>poterant,</span> <span class='ocrx_word' id='word_1_166' title='bbox 962 2479 995 2542; x_wconf 91' lang='lat' dir='ltr'>in</span> <span class='ocrx_word' id='word_1_167' title='bbox 1026 2479 1138 2543; x_wconf 82' lang='lat' dir='ltr'>silvam</span> <span class='ocrx_word' id='word_1_168' title='bbox 1160 2476 1304 2541; x_wconf 82' lang='lat' dir='ltr'>Arduen-</span> <span class='ocrx_word' id='word_1_169' title='bbox 1422 2487 1439 2501; x_wconf 59' lang='grc'><strong><em>“</em></strong></span> <span class='ocrx_word' id='word_1_170' title='bbox 1541 2563 1542 2572; x_wconf 14' lang='lat'>¹</span> 
     </span>
    </p>
   </div>
   <div class='ocr_carea' id='block_1_4' title="bbox 86 2723 1412 4479">
    <p class='ocr_par' dir='ltr' id='par_1_5' title="bbox 86 2723 1304 2972">
     <span class='ocr_line' id='line_1_21' title="bbox 86 2723 1303 2794; baseline -0.001 -16"><span class='ocrx_word' id='word_1_171' title='bbox 86 2725 230 2782; x_wconf 79' lang='lat' dir='ltr'>Attraktion</span> <span class='ocrx_word' id='word_1_172' title='bbox 250 2728 298 2780; x_wconf 88' lang='lat' dir='ltr'>des</span> <span class='ocrx_word' id='word_1_173' title='bbox 315 2727 492 2794; x_wconf 79' lang='lat' dir='ltr'>Relatirums3</span> <span class='ocrx_word' id='word_1_174' title='bbox 512 2727 573 2780; x_wconf 82' lang='lat' dir='ltr'>Sata</span> <span class='ocrx_word' id='word_1_175' title='bbox 587 2727 655 2780; x_wconf 85' lang='lat' dir='ltr'>nach</span> <span class='ocrx_word' id='word_1_176' title='bbox 669 2726 728 2781; x_wconf 86' lang='lat' dir='ltr'>Anl.</span> <span class='ocrx_word' id='word_1_177' title='bbox 744 2727 774 2780; x_wconf 92' lang='lat' dir='ltr'>B.</span> <span class='ocrx_word' id='word_1_178' title='bbox 795 2757 828 2764; x_wconf 84' lang='lat'>·—</span> <span class='ocrx_word' id='word_1_179' title='bbox 848 2726 1011 2793; x_wconf 75' lang='lat' dir='ltr'>instructus]</span> <span class='ocrx_word' id='word_1_180' title='bbox 1031 2723 1249 2793; x_wconf 84' lang='lat' dir='ltr'>‚‚ausgeriistet“.</span> <span class='ocrx_word' id='word_1_181' title='bbox 1269 2753 1303 2762; x_wconf 92' lang='lat'>-</span> 
     </span>
     <span class='ocr_line' id='line_1_22' title="bbox 86 2812 1304 2884; baseline -0.001 -17"><span class='ocrx_word' id='word_1_182' title='bbox 86 2817 299 2884; x_wconf 71' lang='lat' dir='ltr'>aequanimiterne</span> <span class='ocrx_word' id='word_1_183' title='bbox 317 2815 417 2882; x_wconf 76' lang='lat' dir='ltr'>abesse]</span> <span class='ocrx_word' id='word_1_184' title='bbox 437 2816 537 2869; x_wconf 80' lang='lat' dir='ltr'>lentate</span> <span class='ocrx_word' id='word_1_185' title='bbox 555 2816 582 2868; x_wconf 94' lang='lat' dir='ltr'>in</span> <span class='ocrx_word' id='word_1_186' title='bbox 602 2816 718 2870; x_wconf 82' lang='lat' dir='ltr'>dIrelrter</span> <span class='ocrx_word' id='word_1_187' title='bbox 735 2814 820 2868; x_wconf 86' lang='lat' dir='ltr'>Reda:</span> <span class='ocrx_word' id='word_1_188' title='bbox 839 2831 924 2884; x_wconf 79' lang='lat' dir='ltr'>neque</span> <span class='ocrx_word' id='word_1_189' title='bbox 941 2816 1059 2869; x_wconf 80' lang='lat' dir='ltr'>multum</span> <span class='ocrx_word' id='word_1_190' title='bbox 1077 2814 1181 2868; x_wconf 81' lang='lat' dir='ltr'>aberat.</span> <span class='ocrx_word' id='word_1_191' title='bbox 1202 2844 1234 2851; x_wconf 84' lang='lat'>—</span> <span class='ocrx_word' id='word_1_192' title='bbox 1259 2812 1304 2866; x_wconf 81' lang='lat' dir='ltr'>de·</span> 
     </span>
     <span class='ocr_line' id='line_1_23' title="bbox 87 2903 1047 2972; baseline 0.001 -17"><span class='ocrx_word' id='word_1_193' title='bbox 87 2903 286 2972; x_wconf 72' lang='lat' dir='ltr'>deserendam]</span> <span class='ocrx_word' id='word_1_194' title='bbox 305 2905 343 2958; x_wconf 89' lang='lat' dir='ltr'>ist</span> <span class='ocrx_word' id='word_1_195' title='bbox 360 2904 417 2958; x_wconf 89' lang='lat' dir='ltr'>hier</span> <span class='ocrx_word' id='word_1_196' title='bbox 435 2921 493 2957; x_wconf 88' lang='lat' dir='ltr'>vom</span> <span class='ocrx_word' id='word_1_197' title='bbox 511 2903 660 2970; x_wconf 82' lang='lat' dir='ltr'>Stapellanf</span> <span class='ocrx_word' id='word_1_198' title='bbox 675 2904 722 2958; x_wconf 88' lang='lat' dir='ltr'>der</span> <span class='ocrx_word' id='word_1_199' title='bbox 740 2903 834 2957; x_wconf 84' lang='lat' dir='ltr'>Sehiffe</span> <span class='ocrx_word' id='word_1_200' title='bbox 853 2920 885 2957; x_wconf 85' lang='lat' dir='ltr'>zu</span> <span class='ocrx_word' id='word_1_201' title='bbox 903 2903 1047 2957; x_wconf 82' lang='lat' dir='ltr'>verstehen.</span> 
     </span>
    </p>

    <p class='ocr_par' dir='ltr' id='par_1_6' title="bbox 86 2989 1305 3502">
     <span class='ocr_line' id='line_1_24' title="bbox 151 2989 1303 3062; baseline -0.004 -15"><span class='ocrx_word' id='word_1_202' title='bbox 151 3007 201 3047; x_wconf 83' lang='lat' dir='ltr'>su.</span> <span class='ocrx_word' id='word_1_203' title='bbox 218 3007 242 3048; x_wconf 76' lang='grc'>4.</span> <span class='ocrx_word' id='word_1_204' title='bbox 258 3008 387 3062; x_wconf 75' lang='lat' dir='ltr'>praeesse</span> <span class='ocrx_word' id='word_1_205' title='bbox 404 2993 458 3060; x_wconf 82' lang='lat' dir='ltr'>rei]</span> <span class='ocrx_word' id='word_1_206' title='bbox 478 2993 615 3060; x_wconf 83' lang='lat' dir='ltr'>‚‚leIten“;</span> <span class='ocrx_word' id='word_1_207' title='bbox 634 2992 696 3046; x_wconf 89' lang='lat' dir='ltr'>Satz</span> <span class='ocrx_word' id='word_1_208' title='bbox 710 2992 777 3045; x_wconf 83' lang='lat' dir='ltr'>nach</span> <span class='ocrx_word' id='word_1_209' title='bbox 790 2991 851 3046; x_wconf 82' lang='lat' dir='ltr'>Ani.</span> <span class='ocrx_word' id='word_1_210' title='bbox 866 2990 898 3044; x_wconf 82' lang='lat' dir='ltr'>A.</span> <span class='ocrx_word' id='word_1_211' title='bbox 914 3019 946 3030; x_wconf 89' lang='lat'>-·</span> <span class='ocrx_word' id='word_1_212' title='bbox 967 2991 1035 3060; x_wconf 82' lang='lat' dir='ltr'>quid</span> <span class='ocrx_word' id='word_1_213' title='bbox 1047 2991 1108 3058; x_wconf 64' lang='lat' dir='ltr'>[teri</span> <span class='ocrx_word' id='word_1_214' title='bbox 1121 2989 1197 3056; x_wconf 77' lang='lat' dir='ltr'>velit,</span> <span class='ocrx_word' id='word_1_215' title='bbox 1216 2993 1303 3042; x_wconf 79' lang='lat' dir='ltr'>orten-</span> 
     </span>
     <span class='ocr_line' id='line_1_25' title="bbox 87 3077 1303 3150; baseline -0.002 -18"><span class='ocrx_word' id='word_1_216' title='bbox 87 3080 134 3148; x_wconf 76' lang='lat' dir='ltr'>dir]</span> <span class='ocrx_word' id='word_1_217' title='bbox 151 3083 195 3149; x_wconf 84' lang='lat' dir='ltr'>IV,</span> <span class='ocrx_word' id='word_1_218' title='bbox 214 3083 259 3150; x_wconf 88' lang='grc'>23,</span> <span class='ocrx_word' id='word_1_219' title='bbox 278 3081 303 3135; x_wconf 83' lang='lat'>5.</span> <span class='ocrx_word' id='word_1_220' title='bbox 323 3112 357 3120; x_wconf 95' lang='lat'><em>-</em></span> <span class='ocrx_word' id='word_1_221' title='bbox 376 3096 429 3150; x_wconf 78' lang='lat' dir='ltr'>que</span> <span class='ocrx_word' id='word_1_222' title='bbox 449 3097 482 3136; x_wconf 76' lang='lat' dir='ltr'>arr</span> <span class='ocrx_word' id='word_1_223' title='bbox 495 3086 583 3150; x_wconf 74' lang='lat' dir='ltr'>portu</span> <span class='ocrx_word' id='word_1_224' title='bbox 603 3080 656 3148; x_wconf 88' lang='lat'><strong>...]</strong></span> <span class='ocrx_word' id='word_1_225' title='bbox 674 3080 802 3134; x_wconf 87' lang='lat' dir='ltr'>behandle</span> <span class='ocrx_word' id='word_1_226' title='bbox 821 3080 861 3132; x_wconf 89' lang='lat' dir='ltr'>als</span> <span class='ocrx_word' id='word_1_227' title='bbox 878 3079 1050 3133; x_wconf 83' lang='lat' dir='ltr'>Kausslsatzi</span> <span class='ocrx_word' id='word_1_228' title='bbox 1070 3107 1103 3116; x_wconf 88' lang='lat'><em>-</em></span> <span class='ocrx_word' id='word_1_229' title='bbox 1122 3077 1241 3144; x_wconf 80' lang='lat' dir='ltr'>milium]</span> <span class='ocrx_word' id='word_1_230' title='bbox 1261 3077 1303 3130; x_wconf 88' lang='lat' dir='ltr'>ab·</span> 
     </span>
     <span class='ocr_line' id='line_1_26' title="bbox 86 3166 1305 3239; baseline -0.001 -19"><span class='ocrx_word' id='word_1_231' title='bbox 86 3168 175 3239; x_wconf 83' lang='lat' dir='ltr'>hingig</span> <span class='ocrx_word' id='word_1_232' title='bbox 192 3188 242 3225; x_wconf 86' lang='lat' dir='ltr'>von</span> <span class='ocrx_word' id='word_1_233' title='bbox 263 3171 419 3225; x_wconf 74' lang='lat' dir='ltr'>traiectum.</span> <span class='ocrx_word' id='word_1_234' title='bbox 446 3198 477 3206; x_wconf 98' lang='lat'>—</span> <span class='ocrx_word' id='word_1_235' title='bbox 504 3171 570 3224; x_wconf 71' lang='lat' dir='ltr'>tude</span> <span class='ocrx_word' id='word_1_236' title='bbox 592 3170 645 3236; x_wconf 82' lang='lat' dir='ltr'>ree]</span> <span class='ocrx_word' id='word_1_237' title='bbox 671 3169 706 3222; x_wconf 85' lang='lat' dir='ltr'>Es</span> <span class='ocrx_word' id='word_1_238' title='bbox 732 3169 769 3222; x_wconf 88' lang='lat' dir='ltr'>ist</span> <span class='ocrx_word' id='word_1_239' title='bbox 792 3168 833 3222; x_wconf 87' lang='lat' dir='ltr'>die</span> <span class='ocrx_word' id='word_1_240' title='bbox 851 3167 1044 3236; x_wconf 82' lang='lat' dir='ltr'>Verbereitung</span> <span class='ocrx_word' id='word_1_241' title='bbox 1061 3167 1107 3220; x_wconf 90' lang='lat' dir='ltr'>der</span> <span class='ocrx_word' id='word_1_242' title='bbox 1124 3166 1305 3234; x_wconf 82' lang='lat' dir='ltr'>Einsehiffung</span> 
     </span>
     <span class='ocr_line' id='line_1_27' title="bbox 86 3245 1304 3327; baseline -0.001 -18"><span class='ocrx_word' id='word_1_243' title='bbox 86 3259 198 3323; x_wconf 83' lang='lat' dir='ltr'>gameint.</span> <span class='ocrx_word' id='word_1_244' title='bbox 225 3290 260 3298; x_wconf 86' lang='lat'>-</span> <span class='ocrx_word' id='word_1_245' title='bbox 286 3252 423 3327; x_wconf 78' lang='lat' dir='ltr'>quod&#39;...</span> <span class='ocrx_word' id='word_1_246' title='bbox 442 3257 571 3326; x_wconf 79' lang='lat' dir='ltr'>militum]</span> <span class='ocrx_word' id='word_1_247' title='bbox 595 3257 641 3324; x_wconf 88' lang='lat' dir='ltr'>IV,</span> <span class='ocrx_word' id='word_1_248' title='bbox 660 3258 702 3324; x_wconf 87' lang='grc'>22,</span> <span class='ocrx_word' id='word_1_249' title='bbox 722 3258 752 3317; x_wconf 86' lang='grc'>3;</span> <span class='ocrx_word' id='word_1_250' title='bbox 779 3255 841 3310; x_wconf 80' lang='lat' dir='ltr'>Satn</span> <span class='ocrx_word' id='word_1_251' title='bbox 866 3256 933 3309; x_wconf 79' lang='lat' dir='ltr'>nauh</span> <span class='ocrx_word' id='word_1_252' title='bbox 951 3254 1011 3310; x_wconf 84' lang='lat' dir='ltr'>Anl.</span> <span class='ocrx_word' id='word_1_253' title='bbox 1030 3256 1061 3309; x_wconf 92' lang='lat' dir='ltr'>B.</span> <span class='ocrx_word' id='word_1_254' title='bbox 1088 3282 1121 3292; x_wconf 84' lang='lat'><em>—</em></span> <span class='ocrx_word' id='word_1_255' title='bbox 1148 3245 1304 3324; x_wconf 74' lang='lat' dir='ltr'>expeditus]</span> 
     </span>
     <span class='ocr_line' id='line_1_28' title="bbox 86 3342 1304 3416; baseline 0.002 -20"><span class='ocrx_word' id='word_1_256' title='bbox 86 3343 125 3410; x_wconf 83' lang='lat' dir='ltr'>IV,</span> <span class='ocrx_word' id='word_1_257' title='bbox 142 3347 183 3414; x_wconf 84' lang='grc'>26,</span> <span class='ocrx_word' id='word_1_258' title='bbox 202 3348 227 3402; x_wconf 88' lang='grc'>2.</span> <span class='ocrx_word' id='word_1_259' title='bbox 248 3374 283 3384; x_wconf 86' lang='grc'>-</span> <span class='ocrx_word' id='word_1_260' title='bbox 301 3363 387 3416; x_wconf 76' lang='lat' dir='ltr'>meque</span> <span class='ocrx_word' id='word_1_261' title='bbox 466 3362 552 3416; x_wconf 77' lang='lat' dir='ltr'>neque</span> <span class='ocrx_word' id='word_1_262' title='bbox 630 3345 692 3414; x_wconf 79' lang='lat' dir='ltr'>que]</span> <span class='ocrx_word' id='word_1_263' title='bbox 710 3344 755 3410; x_wconf 85' lang='lat' dir='ltr'>IV,</span> <span class='ocrx_word' id='word_1_264' title='bbox 775 3347 799 3411; x_wconf 89' lang='lat'>1,</span> <span class='ocrx_word' id='word_1_265' title='bbox 820 3345 861 3399; x_wconf 84' lang='lat'>10.</span> <span class='ocrx_word' id='word_1_266' title='bbox 883 3374 914 3382; x_wconf 98' lang='lat'>—</span> <span class='ocrx_word' id='word_1_267' title='bbox 939 3344 1054 3412; x_wconf 79' lang='lat' dir='ltr'>imperio</span> <span class='ocrx_word' id='word_1_268' title='bbox 1070 3342 1181 3412; x_wconf 80' lang='lat' dir='ltr'>parere]</span> <span class='ocrx_word' id='word_1_269' title='bbox 1202 3368 1233 3386; x_wconf 94' lang='lat'><strong><em>=</em></strong></span> <span class='ocrx_word' id='word_1_270' title='bbox 1254 3344 1304 3398; x_wconf 78' lang='lat' dir='ltr'>im·</span> 
     </span>
     <span class='ocr_line' id='line_1_29' title="bbox 87 3433 833 3502; baseline -0.001 -15"><span class='ocrx_word' id='word_1_271' title='bbox 87 3441 175 3499; x_wconf 79' lang='lat' dir='ltr'>perata</span> <span class='ocrx_word' id='word_1_272' title='bbox 194 3436 285 3502; x_wconf 77' lang='lat' dir='ltr'>faeere</span> <span class='ocrx_word' id='word_1_273' title='bbox 303 3436 349 3502; x_wconf 89' lang='lat' dir='ltr'>IV,</span> <span class='ocrx_word' id='word_1_274' title='bbox 368 3437 411 3500; x_wconf 87' lang='grc'>22,</span> <span class='ocrx_word' id='word_1_275' title='bbox 431 3438 455 3490; x_wconf 88' lang='grc'>1,</span> <span class='ocrx_word' id='word_1_276' title='bbox 476 3465 508 3474; x_wconf 92' lang='grc'><strong>-</strong></span> <span class='ocrx_word' id='word_1_277' title='bbox 529 3433 704 3502; x_wconf 79' lang='lat' dir='ltr'>dicebantur]</span> <span class='ocrx_word' id='word_1_278' title='bbox 723 3434 784 3487; x_wconf 85' lang='lat' dir='ltr'>Anl.</span> <span class='ocrx_word' id='word_1_279' title='bbox 803 3434 833 3487; x_wconf 93' lang='lat' dir='ltr'>P.</span> 
     </span>
    </p>

    <p class='ocr_par' dir='ltr' id='par_1_7' title="bbox 87 3521 1306 3770">
     <span class='ocr_line' id='line_1_30' title="bbox 150 3521 1305 3593; baseline -0.004 -15"><span class='ocrx_word' id='word_1_280' title='bbox 150 3523 227 3593; x_wconf 72' lang='lat' dir='ltr'>Kal).</span> <span class='ocrx_word' id='word_1_281' title='bbox 254 3524 286 3580; x_wconf 79' lang='lat'>3.</span> <span class='ocrx_word' id='word_1_282' title='bbox 335 3537 355 3578; x_wconf 81' lang='lat'>1.</span> <span class='ocrx_word' id='word_1_283' title='bbox 378 3525 532 3592; x_wconf 73' lang='lat' dir='ltr'>plurimum</span> <span class='ocrx_word' id='word_1_284' title='bbox 556 3523 682 3592; x_wconf 78' lang='lat' dir='ltr'>equitatu</span> <span class='ocrx_word' id='word_1_285' title='bbox 706 3523 794 3591; x_wconf 81' lang='lat' dir='ltr'>valeo]</span> <span class='ocrx_word' id='word_1_286' title='bbox 823 3525 851 3589; x_wconf 92' lang='grc'>1)</span> <span class='ocrx_word' id='word_1_287' title='bbox 877 3523 925 3589; x_wconf 85' lang='lat' dir='ltr'>„in</span> <span class='ocrx_word' id='word_1_288' title='bbox 950 3521 1065 3576; x_wconf 83' lang='lat' dir='ltr'>ReIterei</span> <span class='ocrx_word' id='word_1_289' title='bbox 1089 3521 1197 3574; x_wconf 87' lang='lat' dir='ltr'>besteht</span> <span class='ocrx_word' id='word_1_290' title='bbox 1221 3521 1305 3574; x_wconf 89' lang='lat' dir='ltr'>meine</span> 
     </span>
     <span class='ocr_line' id='line_1_31' title="bbox 87 3609 1306 3682; baseline -0.002 -18"><span class='ocrx_word' id='word_1_291' title='bbox 87 3609 298 3682; x_wconf 80' lang='lat' dir='ltr'>Hauptstirke“;</span> <span class='ocrx_word' id='word_1_292' title='bbox 324 3613 352 3679; x_wconf 83' lang='lat'>2)</span> <span class='ocrx_word' id='word_1_293' title='bbox 371 3613 435 3681; x_wconf 86' lang='lat' dir='ltr'>„ich</span> <span class='ocrx_word' id='word_1_294' title='bbox 453 3612 551 3666; x_wconf 84' lang='lat' dir='ltr'>besitze</span> <span class='ocrx_word' id='word_1_295' title='bbox 570 3612 611 3665; x_wconf 91' lang='lat' dir='ltr'>die</span> <span class='ocrx_word' id='word_1_296' title='bbox 629 3613 703 3666; x_wconf 87' lang='lat' dir='ltr'>besta</span> <span class='ocrx_word' id='word_1_297' title='bbox 721 3612 866 3665; x_wconf 86' lang='lat' dir='ltr'>Reitarei“.</span> <span class='ocrx_word' id='word_1_298' title='bbox 893 3639 925 3648; x_wconf 54' lang='grc' dir='ltr'>ν-</span> <span class='ocrx_word' id='word_1_299' title='bbox 952 3610 1056 3680; x_wconf 67' lang='lat' dir='ltr'>tengrit]</span> <span class='ocrx_word' id='word_1_300' title='bbox 1082 3609 1244 3678; x_wconf 78' lang='lat' dir='ltr'>ungewdhnl.</span> <span class='ocrx_word' id='word_1_301' title='bbox 1264 3609 1306 3662; x_wconf 82' lang='lat' dir='ltr'>nir</span> 
     </span>
     <span class='ocr_line' id='line_1_32' title="bbox 88 3702 199 3770; baseline 0.045 -19"><span class='ocrx_word' id='word_1_302' title='bbox 88 3702 199 3770; x_wconf 57' lang='lat' dir='ltr'>attingit.</span> 
     </span>
    </p>

    <p class='ocr_par' dir='ltr' id='par_1_8' title="bbox 88 3788 1412 4304">
     <span class='ocr_line' id='line_1_33' title="bbox 153 3788 1304 3859; baseline -0.001 -16"><span class='ocrx_word' id='word_1_303' title='bbox 153 3801 202 3843; x_wconf 74' lang='lat' dir='ltr'>an</span> <span class='ocrx_word' id='word_1_304' title='bbox 221 3803 244 3845; x_wconf 86' lang='grc'>3.</span> <span class='ocrx_word' id='word_1_305' title='bbox 266 3790 457 3859; x_wconf 70' lang='lat' dir='ltr'>prium&#39;qratua]</span> <span class='ocrx_word' id='word_1_306' title='bbox 482 3790 632 3843; x_wconf 74' lang='lat' dir='ltr'>bezeichnet</span> <span class='ocrx_word' id='word_1_307' title='bbox 655 3790 697 3843; x_wconf 89' lang='lat' dir='ltr'>bei</span> <span class='ocrx_word' id='word_1_308' title='bbox 721 3789 771 3842; x_wconf 91' lang='lat' dir='ltr'>den</span> <span class='ocrx_word' id='word_1_309' title='bbox 791 3788 907 3843; x_wconf 82' lang='lat' dir='ltr'>Galliam</span> <span class='ocrx_word' id='word_1_310' title='bbox 931 3789 1005 3842; x_wconf 77' lang='lat' dir='ltr'>nieht</span> <span class='ocrx_word' id='word_1_311' title='bbox 1023 3789 1097 3843; x_wconf 89' lang='lat' dir='ltr'>einen</span> <span class='ocrx_word' id='word_1_312' title='bbox 1115 3790 1304 3858; x_wconf 72' lang='lat' dir='ltr'>mayistratus,</span> 
     </span>
     <span class='ocr_line' id='line_1_34' title="bbox 89 3876 1304 3948; baseline 0.002 -20"><span class='ocrx_word' id='word_1_313' title='bbox 89 3877 190 3932; x_wconf 83' lang='lat' dir='ltr'>sordem</span> <span class='ocrx_word' id='word_1_314' title='bbox 209 3879 251 3932; x_wconf 88' lang='lat' dir='ltr'>die</span> <span class='ocrx_word' id='word_1_315' title='bbox 270 3876 447 3946; x_wconf 76' lang='lat' dir='ltr'>obergewalt,</span> <span class='ocrx_word' id='word_1_316' title='bbox 474 3878 523 3932; x_wconf 87' lang='lat' dir='ltr'>den</span> <span class='ocrx_word' id='word_1_317' title='bbox 542 3877 674 3946; x_wconf 85' lang='lat' dir='ltr'>Vormng,</span> <span class='ocrx_word' id='word_1_318' title='bbox 699 3878 813 3931; x_wconf 79' lang='lat' dir='ltr'>walchen</span> <span class='ocrx_word' id='word_1_319' title='bbox 836 3878 907 3931; x_wconf 78' lang='lat' dir='ltr'>etner</span> <span class='ocrx_word' id='word_1_320' title='bbox 931 3878 1014 3932; x_wconf 84' lang='lat' dir='ltr'>durch</span> <span class='ocrx_word' id='word_1_321' title='bbox 1031 3878 1193 3948; x_wconf 80' lang='lat' dir='ltr'>perstnliehe</span> <span class='ocrx_word' id='word_1_322' title='bbox 1211 3876 1304 3945; x_wconf 82' lang='lat' dir='ltr'>Eigen·</span> 
     </span>
     <span class='ocr_line' id='line_1_35' title="bbox 89 3965 1304 4037; baseline -0.001 -18"><span class='ocrx_word' id='word_1_323' title='bbox 89 3965 197 4020; x_wconf 80' lang='lat' dir='ltr'>scheiten</span> <span class='ocrx_word' id='word_1_324' title='bbox 211 3967 343 4020; x_wconf 85' lang='lat' dir='ltr'>aruorben</span> <span class='ocrx_word' id='word_1_325' title='bbox 361 3966 417 4033; x_wconf 84' lang='lat' dir='ltr'>hat,</span> <span class='ocrx_word' id='word_1_326' title='bbox 436 3967 488 4034; x_wconf 85' lang='lat' dir='ltr'>ng.</span> <span class='ocrx_word' id='word_1_327' title='bbox 503 3967 548 4034; x_wconf 80' lang='lat' dir='ltr'>IV,</span> <span class='ocrx_word' id='word_1_328' title='bbox 563 3968 589 4033; x_wconf 85' lang='grc'>6,</span> <span class='ocrx_word' id='word_1_329' title='bbox 603 3968 628 4022; x_wconf 84' lang='grc'>5.</span> <span class='ocrx_word' id='word_1_330' title='bbox 649 3995 681 4005; x_wconf 86' lang='grc'><strong>-</strong></span> <span class='ocrx_word' id='word_1_331' title='bbox 700 3967 874 4037; x_wconf 62' lang='lat' dir='ltr'>requereritur</span> <span class='ocrx_word' id='word_1_332' title='bbox 888 3967 921 4020; x_wconf 79' lang='lat' dir='ltr'>de</span> <span class='ocrx_word' id='word_1_333' title='bbox 936 3969 1033 4035; x_wconf 79' lang='lat' dir='ltr'>aliqua</span> <span class='ocrx_word' id='word_1_334' title='bbox 1046 3967 1087 4034; x_wconf 82' lang='lat' dir='ltr'>re]</span> <span class='ocrx_word' id='word_1_335' title='bbox 1106 3966 1188 4020; x_wconf 78' lang='lat' dir='ltr'>haifst</span> <span class='ocrx_word' id='word_1_336' title='bbox 1200 3966 1304 4019; x_wconf 83' lang='lat' dir='ltr'>maneh-</span> 
     </span>
     <span class='ocr_line' id='line_1_36' title="bbox 88 4053 1304 4123; baseline 0.001 -18"><span class='ocrx_word' id='word_1_337' title='bbox 88 4053 134 4106; x_wconf 75' lang='lat' dir='ltr'>nu</span> <span class='ocrx_word' id='word_1_338' title='bbox 152 4059 253 4122; x_wconf 82' lang='lat' dir='ltr'>„etwas</span> <span class='ocrx_word' id='word_1_339' title='bbox 268 4055 333 4109; x_wconf 87' lang='lat' dir='ltr'>wird</span> <span class='ocrx_word' id='word_1_340' title='bbox 346 4056 492 4109; x_wconf 80' lang='lat' dir='ltr'>bekannt“.</span> <span class='ocrx_word' id='word_1_341' title='bbox 508 4082 540 4091; x_wconf 89' lang='lat'><em>-</em></span> <span class='ocrx_word' id='word_1_342' title='bbox 560 4056 592 4108; x_wconf 80' lang='lat' dir='ltr'>in</span> <span class='ocrx_word' id='word_1_343' title='bbox 605 4055 695 4122; x_wconf 74' lang='lat' dir='ltr'>officio</span> <span class='ocrx_word' id='word_1_344' title='bbox 711 4071 773 4122; x_wconf 82' lang='lat' dir='ltr'>esse,</span> <span class='ocrx_word' id='word_1_345' title='bbox 788 4055 993 4123; x_wconf 65' lang='lat' dir='ltr'>(per-manere]</span> <span class='ocrx_word' id='word_1_346' title='bbox 1014 4058 1095 4123; x_wconf 88' lang='lat' dir='ltr'>„tren</span> <span class='ocrx_word' id='word_1_347' title='bbox 1108 4055 1219 4121; x_wconf 89' lang='lat' dir='ltr'>bleiben,</span> <span class='ocrx_word' id='word_1_348' title='bbox 1234 4053 1304 4108; x_wconf 87' lang='lat' dir='ltr'>seine</span> 
     </span>
     <span class='ocr_line' id='line_1_37' title="bbox 89 4139 1412 4213; baseline 0.001 -19"><span class='ocrx_word' id='word_1_349' title='bbox 89 4139 260 4212; x_wconf 82' lang='lat' dir='ltr'>Schnldigkeit</span> <span class='ocrx_word' id='word_1_350' title='bbox 279 4144 376 4198; x_wconf 89' lang='lat' dir='ltr'>thun“.</span> <span class='ocrx_word' id='word_1_351' title='bbox 396 4174 429 4182; x_wconf 93' lang='lat'>—</span> <span class='ocrx_word' id='word_1_352' title='bbox 449 4143 587 4211; x_wconf 72' lang='lat' dir='ltr'>amicitia]</span> <span class='ocrx_word' id='word_1_353' title='bbox 606 4145 633 4197; x_wconf 93' lang='lat' dir='ltr'>in</span> <span class='ocrx_word' id='word_1_354' title='bbox 651 4144 816 4213; x_wconf 84' lang='lat' dir='ltr'>pelitisnhem</span> <span class='ocrx_word' id='word_1_355' title='bbox 830 4144 909 4198; x_wconf 84' lang='lat' dir='ltr'>Sinna</span> <span class='ocrx_word' id='word_1_356' title='bbox 923 4145 976 4198; x_wconf 87' lang='lat' dir='ltr'>fast</span> <span class='ocrx_word' id='word_1_357' title='bbox 991 4169 1022 4188; x_wconf 97' lang='lat'><strong><em>=</em></strong></span> <span class='ocrx_word' id='word_1_358' title='bbox 1040 4143 1305 4211; x_wconf 76' lang='lat' dir='ltr'>„Bundesgenessen</span> <span class='ocrx_word' id='word_1_359' title='bbox 1405 4157 1412 4172; x_wconf 93' lang='lat'><strong>·</strong></span> 
     </span>
     <span class='ocr_line' id='line_1_38' title="bbox 89 4230 1267 4304; baseline 0.003 -22"><span class='ocrx_word' id='word_1_360' title='bbox 89 4230 175 4299; x_wconf 80' lang='lat' dir='ltr'>misit,</span> <span class='ocrx_word' id='word_1_361' title='bbox 193 4233 341 4287; x_wconf 81' lang='lat' dir='ltr'>Bindnis“.</span> <span class='ocrx_word' id='word_1_362' title='bbox 362 4259 395 4270; x_wconf 89' lang='lat'><em>-</em></span> <span class='ocrx_word' id='word_1_363' title='bbox 415 4234 557 4303; x_wconf 50' lang='lat' dir='ltr'>quumque)</span> <span class='ocrx_word' id='word_1_364' title='bbox 634 4233 806 4302; x_wconf 76' lang='lat' dir='ltr'>qererentrer]</span> <span class='ocrx_word' id='word_1_365' title='bbox 824 4232 886 4287; x_wconf 87' lang='lat' dir='ltr'>Anl.</span> <span class='ocrx_word' id='word_1_366' title='bbox 900 4232 937 4300; x_wconf 82' lang='lat' dir='ltr'>A;</span> <span class='ocrx_word' id='word_1_367' title='bbox 954 4234 1015 4304; x_wconf 58' lang='grc' dir='ltr'>ροντ’</span> <span class='ocrx_word' id='word_1_368' title='bbox 1034 4257 1066 4276; x_wconf 92' lang='lat'>=</span> <span class='ocrx_word' id='word_1_369' title='bbox 1088 4231 1267 4299; x_wconf 80' lang='lat' dir='ltr'>‚,vergehen“.</span> 
     </span>
    </p>

    <p class='ocr_par' dir='ltr' id='par_1_9' title="bbox 90 4321 1305 4479">
     <span class='ocr_line' id='line_1_39' title="bbox 155 4321 1305 4390; baseline 0.001 -16"><span class='ocrx_word' id='word_1_370' title='bbox 155 4334 177 4375; x_wconf 78' lang='lat'>⁴.</span> <span class='ocrx_word' id='word_1_371' title='bbox 202 4322 305 4390; x_wconf 66' lang='grc' dir='ltr'>ωροτε]</span> <span class='ocrx_word' id='word_1_372' title='bbox 331 4323 369 4375; x_wconf 90' lang='lat' dir='ltr'>ist</span> <span class='ocrx_word' id='word_1_373' title='bbox 387 4322 461 4375; x_wconf 89' lang='lat' dir='ltr'>nieht</span> <span class='ocrx_word' id='word_1_374' title='bbox 478 4322 648 4375; x_wconf 84' lang='lat' dir='ltr'>histeriseher</span> <span class='ocrx_word' id='word_1_375' title='bbox 665 4321 754 4388; x_wconf 82' lang='lat' dir='ltr'>Infin,</span> <span class='ocrx_word' id='word_1_376' title='bbox 780 4321 891 4375; x_wconf 86' lang='lat' dir='ltr'>sondem</span> <span class='ocrx_word' id='word_1_377' title='bbox 910 4339 999 4376; x_wconf 87' lang='lat' dir='ltr'>wovon</span> <span class='ocrx_word' id='word_1_378' title='bbox 1018 4321 1169 4389; x_wconf 80' lang='lat' dir='ltr'>abhingig?</span> <span class='ocrx_word' id='word_1_379' title='bbox 1196 4351 1229 4358; x_wconf 94' lang='lat'>—-</span> <span class='ocrx_word' id='word_1_380' title='bbox 1251 4336 1305 4389; x_wconf 76' lang='lat' dir='ltr'>per</span> 
     </span>
     <span class='ocr_line' id='line_1_40' title="bbox 90 4402 1304 4479; baseline -0.001 -16"><span class='ocrx_word' id='word_1_381' title='bbox 90 4411 208 4479; x_wconf 70' lang='lat' dir='ltr'>amarem]</span> <span class='ocrx_word' id='word_1_382' title='bbox 228 4402 451 4479; x_wconf 73' lang='lat' dir='ltr'>„aItarshaltter“.</span> <span class='ocrx_word' id='word_1_383' title='bbox 471 4439 503 4449; x_wconf 96' lang='lat'><em>-</em></span> <span class='ocrx_word' id='word_1_384' title='bbox 523 4413 555 4465; x_wconf 77' lang='lat' dir='ltr'>iu</span> <span class='ocrx_word' id='word_1_385' title='bbox 574 4411 659 4465; x_wconf 84' lang='lat' dir='ltr'>armis</span> <span class='ocrx_word' id='word_1_386' title='bbox 677 4410 741 4478; x_wconf 80' lang='lat' dir='ltr'>esse]</span> <span class='ocrx_word' id='word_1_387' title='bbox 761 4411 958 4478; x_wconf 83' lang='lat' dir='ltr'>ungswiihnlieh</span> <span class='ocrx_word' id='word_1_388' title='bbox 976 4411 1018 4464; x_wconf 85' lang='lat' dir='ltr'>iiir</span> <span class='ocrx_word' id='word_1_389' title='bbox 1036 4426 1115 4464; x_wconf 79' lang='lat' dir='ltr'>arma</span> <span class='ocrx_word' id='word_1_390' title='bbox 1129 4409 1203 4476; x_wconf 80' lang='lat' dir='ltr'>ferre</span> <span class='ocrx_word' id='word_1_391' title='bbox 1222 4426 1242 4462; x_wconf 89' lang='lat' dir='ltr'>s.</span> <span class='ocrx_word' id='word_1_392' title='bbox 1257 4408 1304 4476; x_wconf 83' lang='lat' dir='ltr'>IV,</span> 
     </span>
    </p>
   </div>
   <div class='ocr_carea' id='block_1_5' title="bbox 0 0 1579 4922">
    <p class='ocr_par' dir='ltr' id='par_1_10' title="bbox 0 0 1579 4922">
     <span class='ocr_line' id='line_1_41' title="bbox 0 0 1579 4922; baseline 0 0"><span class='ocrx_word' id='word_1_393' title='bbox 0 0 1579 4922; x_wconf 95' lang='lat' dir='ltr'> </span> 
     </span>
    </p>
   </div>
  </div>
 </body>
</html>
