3086 4920
237 343 293 405 268
731 348 770 401 Do
787 348 856 402 bello
875 346 974 402 Gallim

238 526 341 572 unum
375 508 541 572 consilium
573 509 672 572 totius
705 508 828 574 Galliae
864 508 1067 587 effecturum,
1103 511 1193 574 cuius
1226 511 1394 575 consensui
1422 529 1455 574 ne

214 615 324 678 corbis
359 613 490 696 quidem
523 618 685 679 terrarum
718 617 821 698 possit
855 616 1026 691 obsistere;
1065 616 1161 699 idque
1201 636 1235 681 se
1270 637 1366 700 prope
1402 618 1455 681 iam

239 720 387 786 effectum
410 721 535 786 habere.
580 721 710 786 Interea
738 741 879 803 aequum
908 741 977 787 esse
1008 724 1048 787 ab
1077 723 1116 787 iis
1146 725 1325 788 communis
1353 725 1455 788 salutis

238 846 335 893 eausa
357 828 530 910 impetrari,
554 830 591 892 ut
614 830 720 893 castra
743 829 868 893 munire
892 829 1106 906 instituerent,
1130 849 1192 911 quo
1210 830 1337 895 facilius
1357 850 1455 915 repen·

237 934 321 999 tinos
344 935 485 998 hostium
508 934 647 1017 impetus
664 936 877 999 sustinerent.

184 1047 228 1109 811
325 1041 401 1105 Fuit
428 1041 507 1106 haec
535 1041 635 1106 oratio
662 1060 726 1105 non
754 1042 881 1123 ingrata
905 1041 1019 1120 Gallis,
1052 1044 1084 1107 et
1107 1043 1257 1122 maxime,
1289 1043 1371 1126 quod
1396 1045 1453 1127 ipse

238 1149 343 1213 animo
366 1167 429 1212 non
453 1147 612 1213 defecerat
635 1150 725 1213 tanto
749 1151 877 1232 accepto
901 1149 1101 1214 incommodo
1123 1169 1226 1232 neque
1251 1169 1285 1215 se
1308 1152 1342 1214 in
1363 1143 1453 1216 occul·

213 1258 307 1319 ntum
332 1255 497 1319 abdiderat
520 1257 553 1319 et
576 1257 782 1338 conspectum
804 1255 1021 1320 multitudinis
1036 1255 1178 1338 fugerat3
1201 1258 1336 1339 plusque
1361 1258 1450 1320 animo

236 1363 400 1445 prouidere
425 1364 457 1426 et
479 1363 675 1444 praesentire
700 1363 954 1439 existimabatur,
983 1362 1067 1444 quod
1090 1382 1125 1428 re
1147 1364 1273 1445 integra
1294 1364 1392 1446 primo
1411 1365 1451 1426 in·

212 1468 436 1533 eoendendum
470 1469 658 1546 Avaricum,
692 1470 765 1550 post
801 1467 1012 1533 deserendum
1047 1471 1224 1534 censuerat.
1280 1470 1390 1551 Itaque
1419 1471 1449 1532 ut

236 1576 431 1657 reliquorum
461 1577 690 1658 imperatorum
718 1594 770 1640 res
799 1563 957 1640 adversae
979 1577 1204 1641 auctoritatem
1227 1578 1385 1654 minuunt,
1412 1576 1448 1640 sic

236 1682 332 1746 huius
357 1701 394 1747 ex
417 1683 573 1747 contrario
597 1682 736 1764 dignitas
759 1682 960 1747 incommodo
984 1685 1113 1766 accepto
1135 1684 1169 1747 in
1192 1683 1259 1748 dies
1280 1685 1447 1766 augebatur.

211 1789 341 1853 rSimul
364 1791 397 1853 iu
421 1807 510 1872 spem
533 1790 702 1853 veniebant
725 1789 793 1852 eius
813 1787 1022 1852 affirmatione
1048 1789 1086 1853 de
1110 1790 1241 1872 reliquis
1258 1788 1446 1872 adiungendis

237 1895 435 1969 civitatibus;
459 1897 662 1978 primumque
683 1913 720 1959 eo
735 1897 876 1978 tempore
894 1894 979 1960 Galli
995 1898 1101 1960 castra
1116 1898 1241 1960 munire
1257 1896 1447 1961 inst'tuerunt

237 2003 270 2065 ct
293 2002 338 2065 sic
361 2003 437 2064 sunt
461 2001 565 2066 animo
589 2002 797 2078 consternati,
821 2003 965 2066 homines
988 2003 1108 2066 insueti
1131 2004 1262 2081 laboris,
1289 2006 1328 2068 ut
1349 2001 1446 2076 omnic,

238 2125 319 2189 quae
342 2109 584 2190 imperarentur,
608 2109 668 2173 sibi
690 2109 842 2191 patienda
866 2109 1094 2174 existimarent.

183 2217 225 2280 el
326 2214 393 2278 Neo
415 2215 534 2291 minus,
559 2233 656 2296 quam
679 2217 729 2279 est
751 2215 925 2298 pollicitus,
948 2215 1189 2297 Vercingetorix
1213 2216 1318 2284 animo
1339 2215 1447 2279 labora·

236 2322 304 2398 bat,
328 2323 365 2384 ut
387 2321 527 2402 reliquas
551 2321 696 2386 civitates
721 2321 921 2402 adiungeret,
953 2323 1049 2403 atque
1074 2341 1127 2386 eas
1152 2322 1241 2386 donis
1264 2321 1447 2406 pollicitatio

212 2429 393 2510 suibusque
418 2428 584 2492 alliciebat.
629 2428 713 2492 Huic
740 2429 787 2492 rei
813 2428 942 2492 idoneos
965 2428 1109 2493 homines
1133 2428 1305 2511 deligebat,
1329 2445 1446 2510 qnorum

236 2535 371 2617 quisque
396 2537 453 2599 aut
476 2535 616 2599 oratione
640 2535 774 2599 subdola
798 2536 856 2598 aut
878 2535 1018 2599 amicitia
1038 2535 1189 2600 facillime
1213 2555 1324 2619 capere
1346 2535 1446 2618 posset

236 2781 316 2832 „aum
325 2761 594 2831 Anschlussbringen,
604 2764 755 2832 beuegen“.
770 2792 805 2803 ·-
819 2781 907 2818 uuum
917 2764 1073 2832 renalium]
1089 2764 1328 2833 „Einhelligleit“.
1338 2793 1368 2802 -
1378 2763 1447 2818 carim

235 2852 390 2921 consensui]
410 2853 464 2906 ltse
482 2852 510 2905 in
529 2853 603 2906 einen
621 2852 850 2922 Bcdingungssatz
869 2854 916 2906 auf
920 2855 927 2906 1
948 2883 980 2892 -
1001 2853 1151 2908 communiis
1169 2855 1256 2921 solus]
1276 2871 1297 2908 s.
1316 2853 1413 2924 Kapi,
1427 2851 1447 2903 1.

305 2941 384 3010 Kap.
403 2941 450 2998 30.
491 2954 512 2995 1.
531 2959 589 2996 uon
606 2942 732 3013 ingrata]
759 2942 801 2996 Sie
819 2943 922 2996 maehte
941 2943 996 2997 also
1015 2943 1090 2996 einen
1107 2943 1250 3011 giinstigen
1269 2942 1448 2997 111ηὰ1161.-

235 3036 316 3086 tauto
335 3036 445 3100 accepto
463 3031 643 3098 incommodo]
662 3030 723 3084 Anl.
743 3031 781 3098 K;
802 3031 867 3084 doch
886 3031 1003 3097 berchta,
1023 3032 1082 3085 dals
1100 3048 1128 3084 es
1147 3032 1284 3086 konzessiv
1302 3034 1351 3085 ist!
1375 3059 1407 3069 —
1426 3042 1449 3082 aa

233 3121 266 3174 iro
283 3121 419 3175 occultam
437 3119 599 3186 abdiderat]
625 3119 687 3172 Was
705 3120 763 3174 hier
780 3123 860 3174 unter
879 3122 1062 3188 „verbergen“
1081 3121 1239 3175 verstanden
1263 3122 1315 3189 ist,
1334 3119 1450 3174 erliutsrt

235 3209 281 3262 das
299 3208 419 3277 folgende
437 3214 594 3278 recupertus
612 3209 809 3276 multitudiuis,
828 3209 875 3263 das
894 3209 950 3262 sich
968 3210 1014 3262 auf
1030 3209 1071 3263 die
1090 3211 1156 3264 oben
1169 3210 1303 3264 erwihnte
1317 3209 1451 3262 Versamm·

234 3298 300 3366 lung
318 3298 429 3352 beuieht.
988 3297 992 3306 '

308 3398 331 3440 a.
346 3387 414 3456 plue
427 3387 521 3440 auimo
535 3386 680 3455 procidere
694 3386 846 3454 eristimcr]
862 3403 944 3453 „man
959 3387 1092 3439 trautmir
1101 3386 1282 3455 einegrdlsere
1292 3383 1451 3441 Voraussioht

235 3475 297 3527 zu“.
313 3503 346 3512 —
360 3491 391 3530 rc
404 3475 526 3544 intepru]
542 3475 603 3542 „als
617 3475 684 3529 noch
698 3475 786 3528 nichts
800 3475 946 3543 geschehen
960 3491 1021 3542 war,
1036 3491 1097 3528 man
1110 3475 1177 3529 noch
1190 3475 1254 3528 freis
1262 3475 1341 3530 Hand
1353 3475 1423 3528 hatte
1429 3471 1450 3523 “.

309 3575 360 3616 eu.
376 3577 400 3618 4.
419 3565 451 3618 iro
470 3565 541 3631 dics]
560 3565 602 3617 bei
621 3563 807 3617 distributiven
826 3564 881 3617 und
899 3565 1096 3635 komparativen
1109 3563 1240 3632 Begriffen
1260 3564 1406 3634 „taglinh‘.‘.
1421 3585 1451 3598 -

234 3652 267 3706 tu
284 3668 358 3721 spem
376 3654 479 3721 occire]
506 3653 572 3724 Kap.
595 3654 637 3720 12,
656 3653 681 3707 5.
707 3683 741 3691 —
767 3653 948 3722 consternato]
972 3653 1058 3706 Unter
1077 3653 1135 3707 dem
1153 3653 1301 3708 Eindrnoke
1319 3654 1363 3707 der
1379 3665 1452 3718 unge·

234 3741 396 3796 wbhnlichen
414 3741 621 3797 Persbnlichkeit
639 3743 685 3796 des
704 3742 778 3796 Vere.
799 3741 858 3796 sind
877 3743 918 3796 dic
937 3741 1038 3797 Gallier
1054 3760 1120 3810 ganz
1139 3743 1274 3811 verbliifft‚
1299 3742 1396 3796 werden
1418 3738 1452 3791 sie

233 3831 281 3884 wie
299 3830 504 3898 umgewandelt,
530 3847 558 3885 so
583 3832 641 3886 dass
666 3832 704 3885 sie
727 3831 778 3885 alle
796 3831 903 3885 Befehle
928 3831 999 3885 ihres
1017 3831 1131 3885 Ftihrers
1156 3832 1235 3900 ruhig
1257 3833 1322 3886 iiber
1343 3830 1395 3885 sich
1417 3842 1452 3880 er-

233 3919 317 3988 gehen
334 3919 435 3985 lassen,
459 3919 583 3973 wahrend
607 3921 644 3974 sie
667 3920 755 3974 bisher
773 3920 901 3988 gegleubt
917 3921 1025 3988 hatten,
1049 3920 1077 3974 in
1096 3920 1138 3974 die
1155 3920 1270 3990 Leitung
1288 3921 1333 3974 des
1350 3919 1451 3984 Kriegos

232 4007 400 4060 hincinreden
419 4025 451 4060 zu
469 4013 582 4063 mdeeen.

304 4094 382 4164 Καρ.
401 4097 448 4152 31.
489 4110 564 4152 r—a.
588 4098 744 4166 laborabat]
769 4115 818 4164 „er
840 4099 932 4152 mlihte
955 4099 1011 4152 sich
1029 4098 1099 4163 ab“;
1125 4099 1219 4152 amineo
1239 4099 1313 4153 steht
1328 4095 1393 4151 blois
1410 4093 1451 4145 da·

232 4186 289 4252 bei,
314 4202 359 4238 um
377 4185 592 4255 Zweidentiglreit
610 4187 838 4242 ausuuschlielsen.
865 4217 899 4226 —
923 4189 988 4242 bute
1005 4188 1059 4257 ret]
1084 4187 1206 4241 verbinde
1229 4187 1304 4242 nicht
1325 4187 1372 4240 mit
1393 4181 1450 4236 ido·

231 4291 305 4330 neos.
325 4303 359 4312 -
379 4274 517 4343 amicitia]
537 4274 805 4343 „freundschaftliche
823 4276 1035 4344 Beziehungen“.
1056 4305 1090 4314 —
1109 4275 1218 4344 capere]
1237 4275 1303 4330 Wen
1321 4275 1399 4330 sellan
1415 4269 1450 4322 sie

231 4363 388 4432 gewinnen?
