3086 4920
207 373 261 435 201
697 375 737 428 De
754 375 822 428 bello
841 374 940 429 Gallico

209 555 247 602 ea
269 535 385 600 litteris
409 534 575 611 mandare,
604 553 677 599 cnm
706 535 738 598 in
768 535 900 617 reliquis
929 535 994 599 fere
1025 536 1135 611 rebus,
1165 536 1297 619 publicis
1327 536 1448 618 priva-‘

183 644 314 724 rtisque
344 642 533 718 rationibus,
564 640 692 706 Graecis
722 641 838 705 litteris
867 643 1009 705 utantur.
1060 641 1099 704 Id
1128 642 1207 705 mihi
1237 642 1362 706 duabus
1398 643 1444 708 dc

210 748 312 813 causis
347 748 523 812 instituisse
555 746 717 824 videntur,
752 747 837 828 quod
871 766 973 829 neque
1008 748 1041 811 in
1071 748 1203 829 vulgum
1232 749 1442 831 disciplinam

210 854 312 919 efferri
334 854 434 918 velint
456 872 559 935 neque
582 871 652 931 eos,
676 854 730 935 qui
753 853 896 931 discunt,
925 855 1041 918 litteris
1066 854 1197 918 confisos
1227 855 1334 918 minus
1365 873 1445 918 me-

208 963 326 1026 moriae
351 960 495 1034 studere;
527 959 610 1042 quod
633 960 698 1024 fere
721 961 881 1043 plerisque
906 961 1033 1038 accidit,
1062 963 1100 1024 ut
1122 962 1280 1044 praesidio
1308 962 1443 1026 littera-

184 1088 280 1132 rrum
311 1067 507 1149 diligentiam
542 1068 575 1130 iu
608 1066 814 1149 perdiscendo
849 1087 886 1132 ac
919 1068 1104 1132 memoriam
1139 1070 1315 1134 remittant.
1368 1069 1444 1134 Inr-

207 1176 317 1258 primis
340 1175 399 1238 hoc
422 1174 533 1239 volunt
555 1174 760 1256 persuadere,
782 1193 845 1238 non
875 1174 1004 1239 interire
1035 1175 1174 1253 animae,
1203 1175 1260 1240 sed
1291 1177 1331 1240 ab
1362 1177 1441 1242 aliis

208 1283 439 1364 postmortem
466 1281 601 1344 transire
633 1279 672 1344 ad
704 1280 796 1358 alios,
827 1283 923 1362 atque
953 1282 1013 1346 hoo
1041 1283 1176 1345 maxime
1206 1282 1247 1346 ad
1278 1283 1440 1347 virtutem

182 1386 337 1452 sancituri
359 1388 482 1470 putant,
505 1387 595 1451 metu
617 1387 729 1451 mortis
751 1387 905 1468 neglecto.
942 1387 1047 1451 Multa
1070 1390 1234 1470 praeterea
1258 1389 1297 1452 de
1322 1389 1444 1453 sideri·

109 1575 111 1580 Ι
207 1497 266 1560 bus
290 1496 386 1575 atque
409 1512 518 1558 eorum
541 1494 645 1570 motu,
666 1493 706 1557 de
729 1493 841 1558 mundi
872 1513 908 1558 ac
936 1496 1095 1558 terrarum
1125 1495 1363 1576 magnitudine,
1397 1496 1440 1560 de

207 1619 314 1664 rerum
335 1601 467 1676 natura,
497 1599 535 1663 de
559 1600 689 1664 deorum
711 1599 940 1664 immortalium
964 1602 994 1664 vi
1018 1619 1055 1665 ac
1081 1603 1239 1684 potestate
1264 1601 1443 1684 disputant

208 1709 240 1772 et
262 1707 421 1771 iuventuti
444 1706 585 1770 tradunt.

154 1818 195 1878 lt
295 1815 441 1878 Alterum
471 1831 571 1894 genus
595 1815 645 1877 est
668 1812 821 1894 equitum.
866 1813 923 1888 Hi,
953 1831 1027 1877 cum
1058 1815 1107 1878 est
1135 1833 1214 1877 usus
1245 1817 1344 1895 atque
1377 1817 1439 1878 ali-

208 1920 292 2003 quod
314 1921 433 1984 bellum
455 1919 566 1984 incidit
589 1919 687 2002 (quod
709 1919 774 1984 fere
798 1921 871 1984 ante
893 1919 1037 1985 Caesaris
1061 1918 1235 1984 adventurn
1259 1923 1437 2002 quotannis

208 2025 347 2091 accidere
371 2027 506 2104 solebat,
529 2026 577 2089 uti
602 2028 659 2090 aut
688 2026 750 2109 ipsi
779 2027 911 2091 iniurias
941 2026 1096 2091 inferrent
1125 2029 1182 2091 aut
1211 2027 1330 2092 inlatas
1359 2048 1437 2110 pro-

182 2133 400 2217 rpulsarent),
434 2151 542 2198 omnes
573 2132 606 2196 iu
635 2133 718 2197 bello
747 2134 930 2209 versentur,
959 2135 1056 2214 atque
1087 2151 1196 2197 eorum
1226 2135 1264 2196 ut
1283 2135 1436 2216 ¹quisque

207 2242 257 2304 est
286 2258 399 2321 genere
429 2239 588 2322 copiisque
619 2239 850 2321 amplissimus,
884 2240 930 2304 ita
958 2240 1111 2322 plurimos
1142 2240 1263 2304 circum
1298 2259 1332 2304 se
1363 2260 1436 2305 am-

206 2433 308 2494 d'tteris
320 2432 465 2501 mandare]
484 2435 583 2487 ersetze
597 2433 680 2486 durch
693 2434 734 2487 eiu
748 2432 876 2494 Verbum!
897 2463 930 2472 -
949 2433 1022 2500 crem]
1041 2433 1175 2487 konuessir
1189 2434 1237 2487 wie
1250 2433 1283 2500 V,
1297 2433 1341 2500 53,
1356 2435 1383 2488 1.
1398 2464 1432 2473 -

204 2523 260 2591 (ia)
278 2522 391 2592 reliquis
413 2521 504 2591 retur]
527 2521 594 2592 Kap.
615 2523 656 2589 12,
676 2525 700 2578 6.
725 2553 758 2560 -
784 2521 853 2589 fere]
877 2522 909 2588 V,
928 2523 970 2588 12,
989 2524 1015 2577 3.
1040 2551 1074 2561 -
1095 2523 1226 2592 publicae
1246 2523 1438 2592 pacataeque

205 2609 340 2679 rationes]
360 2610 518 2680 „politische
536 2611 590 2664 und
608 2611 769 2681 peruduliche
787 2610 1000 2678 Beziehungen“.

278 2711 302 2754 4.
326 2697 430 2767 efferre]
456 2699 593 2767 „helrannt
609 2699 741 2754 werden“.
768 2729 801 2738 -
825 2714 882 2767 coe,
906 2700 955 2768 qui
974 2699 1097 2766 diemout]
1121 2699 1181 2754 Aul.
1200 2698 1233 2753 l.
1261 2727 1294 2737 -
1318 2700 1437 2755 auam

205 2788 257 2857 ree]
283 2788 419 2856 „beduuht
443 2789 512 2855 rein,
537 2788 613 2842 Wert
637 2789 711 2857 legen
737 2789 812 2842 uuf“.
839 2815 872 2826 —-
894 2787 1040 2857 pracsidio
1065 2788 1233 2855 litterarum]
1258 2787 1359 2857 quclge
1385 2789 1437 2842 der

205 2877 290 2943 Hills,
314 2876 410 2930 welche
428 2875 470 2930 die
488 2875 587 2930 Schriit
604 2878 734 2946 gewdhrt‚
758 2878 858 2930 kcmmt
876 2893 936 2930 man
956 2879 1025 2930 trotz
1044 2877 1090 2931 der
1107 2877 1366 2946 Vernachliissiguug
1385 2878 1436 2932 des
1540 2869 1541 2896 ³

207 2965 409 3022 Gedichtuissee
428 2966 503 3019 nicht
520 2966 601 3019 leicht
618 2968 645 3020 iu
664 2966 856 3035 Varlegenhait.

280 3068 302 3109 a.
321 3056 373 3109 hoc
382 3053 560 3123 persuadere]
578 3054 684 3109 Weluhe
697 3045 921 3123 Uberzeugungen
935 3055 973 3108 sie
987 3054 1172 3122 beizubringcn
1186 3055 1292 3121 cuchen,
1306 3057 1369 3123 sagt
1384 3055 1436 3108 das

205 3141 344 3214 Folgcnde.
368 3171 401 3182 -
424 3159 482 3196 noa
499 3141 624 3210 iuuare]
648 3146 746 3196 ersetze
765 3143 847 3196 durch
865 3143 1034 3212 Adjehtirum
1053 3143 1108 3196 und
1124 3141 1316 3196 Hilfsverbum!
1338 3171 1371 3182 ·-
1398 3145 1437 3198 ab
1539 3209 1540 3212 Ἴ

206 3235 272 3288 aliis
336 3231 375 3286 ad
388 3230 469 3300 ulios]
483 3230 530 3298 IV,
544 3231 587 3298 28,
602 3232 631 3297 2;
650 3231 715 3285 doch
729 3231 862 3285 verwende'
877 3231 926 3284 deu
941 3231 1076 3299 Singulari
1093 3259 1126 3270 -·
1144 3231 1277 3300 aculeato]
1291 3231 1322 3298 V,
1339 3232 1364 3297 7,
1380 3232 1407 3286 7.

279 3335 302 3376 a.
326 3319 481 3389 disputare]
506 3319 719 3387 „Erdrterungeu
737 3319 896 3373 anatellen“.
919 3348 956 3358 -
980 3319 1101 3387 audere]
1119 3319 1200 3373 ditare
1218 3319 1364 3388 gebraucht
1377 3337 1431 3373 ven

207 3410 253 3464 dar
270 3409 423 3478 Thatigkeit
441 3409 487 3462 der
504 3408 608 3463 Iehrer.

277 3497 356 3563 Kar).
372 3498 423 3552 lt.
464 3509 485 3551 1.
505 3503 544 3552 cat
557 3496 635 3563 acue]
648 3495 694 3564 IV,
707 3497 732 3564 2,
746 3498 772 3551 3.
788 3525 821 3536 -
839 3495 961 3564 (bellum)
973 3492 1084 3567 incidit]
1101 3497 1287 3562 „ausbricht“.
1303 3523 1336 3536 -
1355 3497 1436 3566 quod
1538 3521 1539 3550 r

269 3586 381 3653 colebat]
400 3586 492 3639 Diceae
509 3587 617 3640 relative
635 3586 708 3655 quod
726 3585 810 3639 findet
826 3585 942 3638 nuchhar
959 3585 1029 3638 aeine
1047 3585 1152 3641 weiiere
1165 3584 1314 3654 aruerung
1331 3585 1359 3638 in
1378 3585 1430 3638 den

207 3676 301 3728 Sdtzen
326 3673 454 3742 mitrati,
479 3674 521 3728 die
543 3675 590 3728 wir
608 3674 690 3729 durch
709 3674 865 3741 „ndmlich“
884 3674 1026 3728 einfdhrcn.
1052 3703 1086 3711 —
1111 3673 1235 3728 taurim
1252 3671 1367 3744 inferre]
1393 3673 1438 3728 Es.

206 3763 317 3817 handelt
340 3762 396 3815 sich
417 3763 474 3817 hier
495 3781 539 3817 um
557 3764 695 3818 feindliche
713 3763 837 3829 Eiufdlle,
861 3763 957 3817 welche
975 3763 1016 3816 die
1035 3763 1109 3846 einen
1127 3763 1249 3838 macheu,
1273 3763 1327 3818 und
1344 3779 1429 3832 gagen

207 3853 303 3906 welche
318 3851 359 3904 die
373 3851 470 3904 andern
485 3851 540 3905 sich
554 3854 663 3907 wahren.
683 3881 716 3890 -
735 3853 769 3908 ia
786 3853 852 3908 bello
869 3852 987 3919 casuri]
1006 3852 1113 3907 ueremi
1125 3852 1239 3906 braucht
1250 3853 1296 3906 der
1306 3851 1431 3906 hlainer

206 3943 234 3996 iu
252 3942 303 3995 den
321 3939 617 4008 verschiedenurtigsteu
635 3941 838 4009 Verbindungeu
856 3941 910 3995 und
927 3941 1130 4010 Bedeutungem
1154 3941 1187 3996 tn
1204 3941 1272 3996 bello
1289 3940 1365 4008 „sich
1384 3957 1428 3994 am

206 4030 302 4098 Kriage
320 4028 498 4096 betailigcn“;
521 4030 553 4084 ia
566 4029 701 4099 periculis
720 4030 768 4098 „iu
786 4028 916 4084 Geiahren
933 4030 1085 4084 rerwiclrelt
1099 4031 1175 4084 scin“
1195 4047 1220 4084 u.
1236 4047 1257 4084 s.
1271 4048 1302 4084 w.

280 4131 304 4173 r.
319 4119 478 4187 crucisque
492 4123 530 4172 cet
595 4118 788 4187 amalicitante,
803 4119 845 4172 iic
855 4119 992 4188 plmimoe
1003 4119 1158 4174 ...clientes
1170 4119 1263 4186 dubet]
1277 4119 1307 4172 In
1321 4117 1425 4171 solchen
1536 4171 1537 4174 ,

206 4207 434 4278 Vergleichsdtzen
452 4207 522 4260 kann
540 4207 606 4260 auch
625 4222 679 4275 quc
698 4207 766 4276 „je“
785 4237 820 4246 —
838 4223 868 4262 eo
887 4207 1005 4274 „desto“
1024 4208 1075 4262 mit
1093 4207 1239 4278 duppeltcm
1257 4205 1426 4276 Kompantiv
1536 4197 1537 4202 '

206 4297 308 4352 slehen.
323 4326 357 4335 -
367 4295 477 4366 soom]
492 4312 512 4350 a.
522 4295 567 4362 IV,
578 4295 604 4363 4,
615 4296 643 4362 73
658 4295 700 4350 die
709 4295 888 4350 Machtmittel
898 4297 944 4350 des
953 4297 1084 4351 einzelnen
1094 4296 1218 4352 bestehan
1227 4295 1283 4350 bes.
1292 4294 1319 4350 in
1328 4294 1423 4350 sunem

204 4385 360 4465 Vermdgen.
371 4415 404 4424 -
419 4385 540 4456 amplam
548 4384 614 4451 esee]
629 4384 795 4453 „angesehan
806 4384 869 4452 sein,
878 4385 1069 4440 hochsteheu“.
1080 4383 1259 4454 -lamhuetss
1274 4382 1426 4439 echeintdie
